4620 5926
344 436 396 528 m

345 670 568 737 rnnnmmque
591 647 806 736 simplicitate
829 653 927 736 atque
950 647 1100 714 exilitate
1122 654 1246 714 nerent.
1283 646 1424 714 Gonstat
1445 648 1612 735 seriptum
1633 649 1718 714 daeo
1740 654 1963 736 etquattuor

346 760 402 829 r'el
422 755 529 827 tribus
550 759 662 848 potius
682 758 785 825 notis:
807 757 897 824 linea
919 757 1056 842 dissuto,
1077 758 1167 823 linea
1188 757 1398 843 horinontnli,
1419 757 1473 823 his
1494 757 1583 825 inter
1603 780 1642 825 se
1664 759 1698 824 in
1711 758 1867 848 angulum
1880 780 1964 826 eon·

345 872 473 955 innotis
494 877 530 937 et
551 872 689 958 euspide
709 867 764 938 vel
785 867 919 954 nouleo,
946 868 1003 955 qui
1025 867 1110 935 nihil
1132 849 1220 933 alind
1243 873 1296 934 est
1316 868 1381 934 nisi
1403 866 1492 934 linea
1517 868 1735 935 homnontalis
1756 889 1798 936 eo
1819 862 1963 937 aemilio

348 982 487 1068 minuta,
509 978 690 1069 speciosior
710 986 748 1045 ut
768 979 813 1043 sit
833 978 1003 1045 literarum
1024 979 1147 1063 forma,
1170 998 1285 1044 omnes
1306 1000 1386 1045 vero
1409 979 1535 1064 lineae,
1557 1001 1654 1068 quum
1677 979 1711 1045 in
1731 978 1898 1068 lapidibus
1918 1002 1964 1047 ne

348 1093 436 1160 saxis
458 1092 728 1180 insoulperentur,
749 1087 876 1156 formas
897 1111 1074 1157 ouneorum
1096 1109 1178 1176 prae
1200 1111 1237 1156 se
1259 1088 1370 1156 fernmt
1390 1111 1498 1177 neque
1512 1091 1787 1177 quemadmodum
1800 1110 1965 1159 runamrn

347 1204 613 1294 reliquarumque
640 1202 809 1270 literarum
838 1201 947 1268 lineae
976 1200 1123 1288 singulas
1149 1199 1266 1266 literas
1299 1201 1537 1268 constituentes
1575 1202 1662 1268 inter
1687 1222 1725 1268 se
1750 1205 1965 1286 nonjunetae,

350 1317 413 1382 sed
432 1316 530 1400 juxta
551 1313 682 1400 positae
704 1314 826 1399 sunt,⁹)
849 1333 913 1401 qua
928 1313 970 1378 de
986 1333 1089 1378 eausa
1102 1311 1198 1397 signo
1215 1311 1410 1399 interposito
1429 1311 1589 1398 peeuliari
1601 1313 1672 1412 (t),
1696 1334 1802 1381 onneo
1816 1311 1965 1400 auique,
2012 1306 2020 1322 ’

350 1423 482 1512 singula
502 1423 662 1491 voeabula
682 1431 911 1506 secernuntur,
932 1424 1020 1512 quod
1043 1423 1170 1510 signum
1194 1423 1294 1489 etiam
1310 1421 1403 1487 initio
1417 1422 1584 1488 titulorum
1600 1423 1773 1511 reperitur.
1811 1422 1966 1498 Quarum

352 1536 513 1603 linearum
536 1557 701 1622 nunquam
724 1535 832 1601 miuus
852 1556 950 1622 quam
973 1537 1057 1601 dune
1079 1556 1142 1600 neo
1167 1532 1278 1621 plures
1306 1555 1402 1622 quam
1430 1533 1574 1622 quinqua
1601 1537 1643 1601 ad
1670 1535 1785 1604 literas
1812 1535 1965 1624 singulas

352 1645 543 1714 formandus
567 1647 776 1730 adhibentur,
801 1668 885 1732 quae
908 1645 1040 1734 quidem
1063 1644 1194 1727 literne,
1217 1644 1281 1710 nisi
1303 1644 1369 1709 ulia
1388 1644 1514 1710 nonalis
1537 1648 1670 1729 adjecta
1692 1655 1759 1731 est,
1786 1655 1824 1712 nt
1844 1646 1877 1712 in
1898 1645 1965 1712 lin·

352 1780 421 1845 gua
442 1757 626 1843 Senserita,
649 1780 721 1824 uum
745 1781 768 1821 o
789 1757 879 1823 brevi
903 1757 1173 1844 pronunciantur,
1197 1763 1231 1822 et
1252 1763 1289 1820 ut
1310 1755 1505 1823 Sinensibus
1527 1776 1550 1820 r
1570 1757 1680 1841 litera,
1701 1759 1749 1824 ito
1773 1759 1791 1823 Ι
1810 1759 1906 1825 deest
1926 1768 1964 1824 et

351 1869 486 1957 linguae
509 1868 674 1960 §eunicae
698 1877 733 1936 et
753 1869 939 1954 scripturae
961 1874 1142 1951 onnentae,
1169 1869 1263 1950 cuijus
1289 1875 1513 1934 consonantes
1534 1875 1647 1935 uertae
1670 1890 1741 1935 cum
1765 1869 1868 1935 uentis
1889 1877 1963 1935 tan·

352 1982 520 2049 tummudo
545 1981 715 2047 venalibus
744 1980 900 2066 eonjuugi
922 1985 1079 2066 possunt,
1104 1997 1185 2064 quas
1213 1979 1246 2041 in
1267 1976 1381 2044 tabula
1402 1977 1429 2045 l.
1459 1979 1716 2046 consonantibus
1738 1979 1962 2066 apposuimua

351 2088 430 2160 lloo
451 2092 570 2181 igitur,
592 2094 677 2180 quod
699 2090 807 2158 literis
829 2091 980 2157 annuatis
1002 2089 1168 2176 proprium
1192 2111 1268 2155 esso
1288 2088 1447 2174 vidimus,
1475 2089 1561 2156 idem
1584 2091 1738 2177 quoniam
1760 2089 1964 2158 Pritelrnrdo

352 2190 547 2287 'dooente”)
563 2202 650 2287 apud
665 2199 980 2289 populosTuroioos
996 2206 1030 2266 et
1042 2196 1252 2287 liongulioos
1262 2200 1437 2287 reperitur,
1453 2199 1642 2282 Scythicam
1661 2200 1790 2270 redolet
1805 2201 1964 2270 indolem.

352 2312 473 2381 Simile
499 2311 675 2399 vestigium
703 2312 840 2400 praebet
869 2321 902 2379 et
923 2308 1119 2377 Latinorum
1143 2317 1177 2377 et
1198 2318 1344 2376 nostrum
1368 2332 1407 2398 q,
1433 2314 1518 2398 quod
1543 2311 1584 2378 ab
1607 2310 1739 2397 se„fldo
1767 2313 1860 2380 socio
1889 2336 1964 2396 suo,

352 2418 517 2514 nunquam
540 2424 715 2490 deseritur.
1929 2510 1936 2515 ·

506 2534 631 2603 Omnes
652 2559 732 2603 vero
754 2533 923 2601 literarum
946 2541 1042 2599 notus
1065 2531 1328 2621 complectuntur
1341 2533 1440 2599 trium
1455 2534 1616 2601 vooalium
1633 2534 1771 2620 formae,
1793 2532 1964 2624 inquibus

352 2642 405 2750 ᾗ
430 2647 451 2711 d
473 2669 517 2713 ex
537 2644 568 2748 ἦ
590 2646 601 2712 i
625 2655 729 2712 ortum
753 2652 893 2732 apparet
913 2665 977 2710 uno
1000 2645 1133 2727 adjectu
1156 2666 1275 2728 euneo,
1298 2651 1334 2708 ut
1356 2666 1509 2711 runarnm
1533 2646 1549 2717 l
1579 2669 1602 2709 a
1623 2669 1667 2713 ex
1690 2648 1698 2719 l
1722 2646 1740 2711 ι’
1760 2646 1878 2713 endem
1895 2666 1963 2712 nna

353 2756 469 2822 addita
489 2755 611 2822 lineola
632 2764 743 2822 nutum
767 2763 833 2838 est,
860 2776 886 2816 u
907 2754 954 2854 (ᾗ
975 2774 1053 2819 vero
1076 2752 1194 2819 iterum
1222 2776 1264 2821 ex
1285 2751 1316 2852 li
1336 2753 1354 2816 a·
1375 2755 1506 2836 adjunto
1530 2754 1650 2843 angulo
1672 2754 1834 2822 formatur
1847 2774 1963 2844 quem-

353 2865 528 2930 admodum
567 2885 651 2929 runa
689 2865 715 2937 lt
739 2865 878 2949 (mm).
903 2861 1054 2949 Augulus
1070 2860 1137 2945 ille,
1152 2885 1247 2950 quem
1259 2865 1328 2946 jam
1345 2883 1446 2948 supra
1460 2862 1694 2948 aspirationem
1711 2865 1858 2930 indicare
1875 2864 1964 2929 dixi·

353 2994 438 3055 mus,
459 2971 493 3037 in
516 2972 667 3038 omuibus
682 2972 753 3039 fere
767 2973 874 3039 literis
890 2970 1057 3059 aspiratis,
1078 2970 1246 3057 palatinis,
1270 2971 1487 3058 gutturalibus
1503 2980 1666 3060 tamquam
1682 2982 1761 3039 notu
1782 2973 1962 3060 peeuliaris

357 3083 568 3170 eognosaitur
590 3084 687 3172 idque
709 3085 741 3150 iu
766 3084 808 3149 iis
831 3083 1033 3169 potissimum
1057 3083 1330 3165 consonantibus,
1358 3104 1442 3170 quae
1467 3106 1539 3150 oum
1569 3106 1594 3146 u
1621 3083 1728 3150 vocali
1758 3084 1962 3171 conjungun-

355 3195 505 3280 tur”⁶⁹),
527 3196 680 3280 quoniam
703 3211 736 3258 u·
749 3217 849 3260 sonus
865 3215 1024 3282 uunquam
1041 3193 1113 3260 siue
1128 3194 1246 3281 spiritu
1262 3195 1400 3280 quodam
1418 3195 1705 3279 pronunciabatur.
1750 3193 1842 3261 Unde
1865 3195 1964 3261 intel·

354 3304 487 3392 ligitur,
512 3327 571 3371 our
592 3305 725 3372 Atticae
747 3326 877 3392 quoque
900 3304 1032 3370 dialecti
1058 3326 1159 3371 s‘ooes
1186 3305 1229 3369 ab
1251 3327 1272 3367 o
1299 3303 1496 3389 incipientes
1523 3304 1642 3391 spiritu
1670 3327 1789 3391 aspero
1816 3305 1962 3374 nlleotae

354 3416 422 3481 sint
443 3437 566 3482 omnes.

505 3524 602 3592 Haeo
623 3524 803 3614 peculiaris
825 3524 934 3614 anguli
959 3531 1075 3592 natura
1095 3525 1256 3613 imprimis
1277 3526 1423 3593 cernitur
1443 3527 1643 3613 comparatis
1663 3526 1772 3593 literis
1794 3527 1966 3614 aspiratis,

357 3636 531 3725 palatinis,
559 3637 780 3722 gutturalibus
808 3660 880 3703 oum
909 3637 1089 3704 dentalinm
1112 3639 1247 3724 urdine,
1275 3639 1308 3725 in
1336 3637 1452 3726 quibus
1479 3637 1602 3704 frustra
1622 3637 1776 3723 nngrrlum
1799 3641 1965 3728 requires,

357 3747 425 3814 nisi
446 3748 479 3814 in
501 3745 549 3812 dh
571 3755 606 3815 et
627 3745 665 3812 rh
689 3749 845 3834 aspiratis
868 3755 902 3815 et
916 3750 1060 3837 palatino
1079 3736 1108 3839 ἐν
1130 3749 1254 3834 (dselr),
1282 3748 1338 3815 ubi
1367 3748 1507 3833 angulus
1534 3749 1611 3816 item
1639 3771 1775 3817 munere
1802 3773 1862 3816 suo
1890 3749 1964 3818 fun-

359 3859 459 3948 gitur.
483 3858 557 3927 lloo
571 3860 657 3926 idem
675 3869 815 3946 apparet
831 3861 863 3925 in
879 3860 986 3926 literis
998 3860 1190 3945 labialibus3
1203 3883 1316 3927 ornnes
1328 3861 1448 3948 angulo
1461 3869 1576 3927 carent
1587 3864 1761 3948 praeters
1771 3861 1965 3950 aspiratam,

360 3993 445 4058 qnae
468 3969 588 4058 duplici
610 3973 745 4059 gaudet.
791 3970 900 4037 Etiam
923 3995 957 4055 v,
981 3970 1132 4060 quoniam
1156 3969 1314 4038 affinitate
1341 3973 1548 4054 conjunctum
1578 3980 1721 4039 osteum
1742 3996 1778 4059 u,
1800 3979 1963 4062 quandam

356 4126 656 4139 m

507 4210 532 4275 ⁸)
549 4207 636 4262 Etiam
654 4209 680 4262 in
698 4209 781 4263 titulis
800 4208 972 4282 Pompeianis
990 4211 1088 4276 lineae,
1106 4227 1142 4262 ex
1161 4209 1255 4278 quibus
1273 4210 1368 4263 literae
1386 4218 1518 4278 constant,
1536 4226 1629 4264 rursus
1651 4213 1756 4266 solutae
1773 4229 1959 4284 ennumquam

359 4317 503 4379 apparent,
522 4317 550 4364 ut
567 4326 616 4380 pro
636 4297 668 4366 Μ
695 4310 805 4381 saepius
825 4298 891 4386 ΙΙΙΙ,
912 4295 933 4366 Β
945 4335 980 4362 =
989 4308 1022 4378 B,
1046 4294 1069 4367 ll
1086 4334 1120 4362 =
1132 4309 1167 4364 ll.
1206 4309 1274 4364 Sunt
1291 4311 1371 4365 etiam
1389 4312 1588 4366 vetustissimae
1610 4313 1714 4367 turmae
1731 4312 1830 4370 latinae
1849 4304 1873 4372 ΙΙ
1884 4339 1919 4368 =
1933 4307 1961 4375 Ε

358 4409 408 4479 [et.
428 4392 457 4495 ῙῨ
475 4411 507 4477 (ἰ)
526 4411 564 4466 lit.
582 4410 696 4479 euneetl
715 4419 742 4465 et
761 4399 784 4466 ΙΙ
798 4435 832 4463 =
845 4401 869 4468 Ρ
888 4412 923 4468 ot.
941 4430 1031 4468 runem
1054 4401 1089 4486 ΙΙΙ
1103 4394 1179 4470 =l‘
1197 4411 1241 4480 (l).
1280 4411 1359 4468 Cous.
1377 4412 1553 4467 dlummseu
1572 4415 1589 4466 Ι.
1607 4430 1630 4468 o.
1648 4431 1731 4487 pagg.
1747 4416 1790 4473 29.
1807 4417 1850 4476 30.

495 4513 535 4578 ⁸⁸)
552 4510 674 4579 Anaphen
691 4513 852 4585 peculiarius
870 4515 988 4586 preseils
1006 4515 1171 4583 throughout
1188 4512 1234 4569 tlte
1251 4515 1393 4571 formation
1416 4516 1448 4569 oi
1463 4515 1508 4572 tite
1526 4514 1645 4570 'l'urkislr
1665 4518 1716 4572 and
1733 4516 1889 4590 Mangolien
1906 4521 1963 4576 lan·

359 4610 476 4664 gunges,
497 4597 524 4649 in
543 4584 633 4651 wlsini
652 4597 751 4651 carmin
771 4612 933 4654 consonante
951 4616 1001 4655 ean
1019 4601 1083 4670 only
1102 4600 1135 4653 be
1153 4600 1325 4670 pronuuuoed
1343 4602 1369 4654 in
1384 4599 1600 4671 juxta-position
1618 4600 1685 4655 with
1702 4606 1804 4659 semein
1822 4606 1964 4660 vowels.“

357 4677 531 4736 Rosurelros
548 4687 601 4736 eet.
616 4682 672 4736 vol.
687 4681 735 4737 lv,
752 4700 780 4754 p.
795 4682 855 4740 382.

481 4783 533 4850 ⁸⁶⁶)
551 4781 637 4836 Etiam
654 4784 680 4836 in
698 4783 788 4855 lingua
805 4785 918 4858 sandica
936 4805 958 4841 u
973 4795 1017 4841 est
1035 4795 1050 4844 >
1069 4798 1127 4844 etv
1150 4795 1183 4846 »
1203 4795 1231 4842 et
1247 4789 1272 4842 in
1291 4786 1448 4843 Armeniam
1465 4807 1485 4838 ι
1500 4802 1520 4842 e
1536 4799 1564 4842 et
1580 4805 1608 4844 u.

471 4883 537 4950 Μ’)
555 4881 634 4938 Conl.
652 4884 743 4938 literas
761 4897 865 4942 runem.
882 4886 924 4952 ah,
942 4888 1019 4960 ν(ῥ),
1036 4887 1081 4955 dd,
1101 4887 1140 4952 tt,
1150 4887 1236 4958 stu),
1253 4905 1291 4953 m,
1308 4904 1338 4943 n.
