4620 5926
1915 477 1968 559 tt

353 678 486 745 duabus
516 675 615 746 lineis
642 676 735 764 nel')
760 682 796 744 et
819 674 1056 746 ‘flehmeoram
1082 676 1250 766 scriptura
1275 676 1439 768 quadrata
1463 675 1607 764 vestigia
1632 675 1733 764 hujus
1764 677 1868 746 moris
1899 699 1970 749 rer·

350 802 454 858 m
472 787 614 967 'lm-
624 894 703 966 illae
728 897 838 966 lineae
862 907 997 983 metae,
1029 919 1073 967 ex
1103 897 1224 988 quibus
1250 918 1351 965 ranas
1378 905 1515 967 exortas
1542 896 1684 966 vidhnuu
1704 919 1835 984 omues,
1865 899 1969 968 etiam

352 1026 460 1080 eausa
480 1018 559 1077 suut
579 1008 747 1077 dividendi
767 1009 940 1098 ¹alphabeti
967 1011 1003 1076 iu
1030 1016 1144 1097 partos
1172 1009 1228 1077 vel
1254 1031 1381 1098 genera
1402 1010 1526 1098 (litter)
1549 1007 1605 1078 rel
1624 1006 1771 1077 statilius
1796 1010 1970 1081 literarum

353 1123 429 1207 trie,
450 1143 538 1211 quae
558 1119 677 1188 dirlsio
695 1119 879 1211 antiquitus
900 1121 1118 1189 usitatissima
1139 1118 1214 1190 fuit.
1249 1118 1485 1210 Unaquaeque
1500 1120 1616 1189 haruin
1635 1118 1836 1188 familiarum
1849 1145 1969 1191 nomen

353 1230 462 1301 traxit
482 1255 504 1299 a
523 1231 623 1299 litera
642 1231 842 1319 incipiente,
869 1254 957 1321 quae
976 1241 1142 1322 tamquam
1163 1238 1262 1319 petor
1281 1230 1468 1321 ralpotius
1494 1239 1603 1303 mater
1616 1229 1770 1299 ,familias
1790 1232 1969 1320 (turona)
2011 1330 2013 1333 ι

354 1345 551 1433 putabatur,
577 1362 676 1432 quum
698 1341 848 1433 reliquae
874 1348 1029 1434 quattuor
1047 1343 1168 1411 bterae
1188 1341 1360 1432 aequabili
1379 1342 1657 1431 multiplicatione
1678 1364 1724 1411 ex
1744 1341 1803 1411 illo
1825 1365 1969 1432 progna·

352 1464 414 1523 tae
436 1459 558 1523 errent.
604 1451 657 1519 Ex
671 1453 820 1544 quinque
841 1462 952 1522 autem
973 1454 1083 1522 literis
1110 1452 1273 1522 familiam
1294 1475 1458 1544 quumque
1479 1461 1611 1523 coutet
1624 1470 1770 1529 auum
1796 1461 1865 1539 ost,
1891 1476 1970 1545 quo-

358 1565 448 1632 niam
470 1586 688 1654 unaquaequo
704 1566 803 1633 trium
824 1564 1140 1633 illarum-linearum
1161 1573 1328 1633 rectarmu
1346 1571 1385 1632 et
1405 1564 1440 1632 in
1463 1566 1547 1633 duas
1568 1572 1604 1633 et
1624 1565 1660 1632 ia
1681 1572 1752 1634 trau
1777 1564 1800 1635 i.
1822 1587 1853 1633 e.
1876 1566 1968 1655 quiu-
2104 1561 2108 1568 ’

355 1696 423 1766 quo
445 1684 559 1763 partes
580 1675 687 1743 tisim
708 1683 798 1743 aratz
816 1678 907 1744 uado
925 1692 1083 1744 uumerus
1106 1676 1250 1743 omnium
1270 1697 1425 1744 cunarum
1448 1684 1501 1744 est
1520 1675 1719 1766 quindecim.

508 1785 599 1855 'rm
620 1792 730 1853 autem
750 1804 904 1855 runmm
925 1786 1075 1855 familiae
1098 1792 1175 1854 aunt
1194 1787 1273 1855 haer
1519 1826 1523 1831 -
1604 1803 1607 1807 “

603 1897 633 1967 1.
655 1896 746 1981 stef
798 1897 943 1965 familiar
967 1899 996 1971 Υ
1024 1897 1052 1971 n
1079 1898 1101 1970 b
1125 1896 1159 1975 ἢ
1182 1899 1206 1972 R
1235 1895 1438 1985 l'sutbork

605 2004 786 2096 2.vast
844 2040 887 2057 -·
934 2004 1089 2111 sssbl
1127 2004 1332 2080 tlalamo
1484 2070 1489 2077 .

601 2113 745 2201 ano
838 2148 881 2164 -
928 2115 1206 2187 sutria
1251 2113 1364 2181 urst.

507 2230 792 2316 Quemadmodum
826 2234 935 2308 autem
963 2239 1183 2309 Hiberaoram
1214 2240 1331 2309 literne
1357 2241 1513 2330 antiquae
1538 2239 1732 2331 (ngunrl'
1750 2263 1797 2308 ex
1824 2239 1969 2330 quiaque

349 2353 494 2422 otroulh
508 2352 610 2420 eeetis
624 2360 766 2420 exortae
778 2353 1039 2440 putabantur“),
1059 2352 1111 2419 sio
1124 2338 1280 2434 ranamm
1293 2362 1364 2421 tren
1378 2352 1489 2420 bacae
1503 2359 1629 2437 motae,
1640 2351 1757 2441 quibus
1772 2349 1967 2436 formantur,

350 2482 538 2552 eamusque
563 2461 748 2550 particulae
776 2465 920 2554 quinque
942 2464 1041 2545 Juxta
1066 2464 1198 2551 positae
1226 2464 1405 2553 imaginem
1433 2464 1563 2531 arboris
1586 2463 1687 2530 trium
1713 2462 1867 2549 stirpium
1894 2483 1969 2528 oum

348 2574 460 2642 nmis
492 2573 547 2642 vel
578 2574 710 2641 fmtiala
742 2595 817 2643 oum
843 2573 995 2641 oaulihua
1023 2582 1291 2664 repraesentant,
1323 2576 1412 2665 quod
1442 2596 1604 2642 ranarum.
1624 2573 1801 2659 &abactor
1828 2572 1970 2660 praehet

352 2687 423 2754 tab.
445 2680 486 2752 ll.
508 2683 564 2773 hg.
592 2686 622 2754 1.

509 2797 587 2864 Jam
607 2818 688 2865 vero
709 2797 1007 2883 mntemplantihus
1028 2797 1126 2864 nohis
1147 2797 1256 2884 ipsum
1276 2798 1367 2865 illum
1388 2797 1648 2877 vetustissimum
1668 2817 1823 2865 ranarum
1837 2802 1970 2882 septon-

349 2907 548 2975 trioualium
563 2907 783 2991 ordinom'“)
805 2907 1005 2993 (munden
1027 2908 1168 2994 dictum3
1189 2909 1255 2976 rid.
1266 2911 1335 2978 tab.
1350 2907 1394 2978 Π,
1407 2911 1467 2995 8.),
1480 2931 1503 2975 a
1514 2915 1701 2976 mnarum
1718 2907 1969 2995 alphabetorum

358 3020 459 3107 plane
479 3019 658 3103 emmam,
679 3019 791 3085 atatim
815 3019 1107 3107 apparebit,·iator
1128 3025 1260 3087 uatem
1282 3042 1397 3088 omnes
1417 3021 1561 3087 mediam
1582 3019 1693 3086 looum
1707 3027 1823 3090 tonare
1843 3015 1970 3104 simpli·

356 3152 433 3200 aem
458 3131 583 3198 lineam
608 3137 752 3216 notam,
783 3151 869 3217 quae
896 3130 1060 3220 utrimque
1085 3131 1318 3219 stipatoribus,
1350 3130 1527 3215 ministris,
1556 3129 1760 3199 satellitibus
1784 3130 1821 3197 iu
1842 3136 1969 3196 uerbum

347 3244 511 3309 ordinem
538 3241 744 3309 circumdata
775 3247 941 3330 tamquam
968 3262 1029 3309 rex
1055 3241 1110 3311 rol
1136 3243 1249 3330 potius
1281 3243 1399 3331 regina
1423 3241 1630 3331 triumphans
1658 3263 1723 3309 uon
1746 3241 1818 3309 aiau
1847 3261 1970 3326 pompa

344 3354 517 3421 :incedere
539 3353 670 3420 videtur
689 3373 753 3419 neo
774 3351 976 3418 ornamentis
995 3373 1060 3420 neo
1074 3353 1175 3419 armis
1190 3375 1305 3441 egene,
1325 3376 1423 3443 quum
1437 3352 1650 3442 simplieitate
1664 3353 1739 3441 ipsa
1752 3353 1840 3420 inter
1854 3371 1969 3417 omues

347 3464 522 3549 excellat,
544 3464 723 3549 stipatores
744 3463 847 3530 variis
867 3462 999 3530 virtutis
1019 3462 1189 3532 lemniscis
1214 3473 1314 3551 atqua
1340 3465 1443 3532 armis
1468 3465 1623 3533 exornati
1650 3462 1835 3531 fortissime
1861 3457 1969 3550 ipsam

354 3574 553 3658 defendant,
573 3568 623 3640 ita
643 3582 681 3640 ut
701 3575 790 3640 nuda
811 3575 920 3641 medio
941 3574 1107 3641 tutissima
1128 3583 1194 3643 eat.
1233 3574 1278 3643 Et
1298 3598 1378 3644 vera
1390 3574 1575 3643 fortissima
1597 3584 1649 3644 eet
1669 3596 1772 3662 parra
1793 3575 1878 3643 baeu
1899 3595 1969 3640 ma-

343 3708 440 3772 mae,
466 3708 553 3776 quae
581 3686 623 3752 ah
652 3685 783 3772 exiguis
811 3682 964 3771 proseuta
991 3686 1095 3752 initiis
1122 3686 1157 3752 in
1185 3688 1258 3754 dies
1284 3689 1394 3776 magb
1416 3688 1627 3756 incrementis
1648 3708 1833 3774 augurem
1855 3687 1969 3753 orbem

357 3789 523 3865 tetrarum
545 3797 755 3885 peragravit,
776 3817 882 3884 genus
903 3796 1078 3864 humanum
1099 3799 1145 3864 ad
1166 3820 1279 3866 verum
1299 3799 1535 3866 humanitatem
1547 3797 1761 3883 informavit,
1784 3798 1912 3869 artibus
1934 3804 1970 3865 et

355 3909 468 3976 literis
491 3909 646 3990 erudivit,
667 3907 810 3974 omnium
833 3907 1038 3975 animos-sibi
1053 3909 1198 3997 subegit,
1219 3910 1253 3976 id
1274 3911 1362 3998 quod
1376 3909 1597 3999 potentissimi
1618 3909 1767 3998 gentiam
1787 3908 1968 3977 domitores

356 4040 424 4086 noa
447 4026 637 4108 potueruut
675 4017 773 4085 Hane
795 4019 1046 4107 igiturmanum
1060 4020 1243 4104 victricem,
1264 4044 1362 4108 qaam
1382 4025 1480 4090 modo
1502 4027 1706 4090 crescentem
1727 4021 1825 4090 modo
1853 4020 1969 4086 dearc-

507 4242 535 4306 ·)
551 4239 613 4293 vlt.
628 4238 766 4295 Fruaaii
785 4239 896 4298 Etenim.
913 4243 999 4314 epigr.
1018 4258 1059 4313 gr.
1076 4258 1157 4315 pagg.
1174 4243 1217 4301 62
1234 4255 1262 4300 et
1278 4245 1321 4302 70.

497 4325 535 4393 se)
551 4323 612 4380 vid·
629 4342 657 4396 P·
672 4323 699 4383 a
717 4327 754 4393 ee)
1024 4390 1025 4394 Ἰ

487 4409 538 4475 ‘''J
555 4406 697 4464 Traditum
713 4410 793 4465 nobis
811 4418 854 4466 ert
871 4411 924 4466 boc
941 4410 1113 4484 alphabetum
1131 4415 1158 4467 in
1177 4410 1296 4483 plurihub
1313 4414 1488 4487 monumentis
1505 4414 1628 4469 vetustis.
1661 4412 1835 4468 Inveniuntur
1852 4409 1921 4465 euim
1939 4411 1967 4464 ia

353 4486 474 4549 Suaclue
492 4491 640 4565 proviaciis
657 4492 771 4566 Upluud,
789 4494 987 4561 Veetmanland,
1004 4493 1156 4562 Vermlaud,
1173 4494 1411 4568 Vestergbthland,
1427 4496 1542 4568 Btolrlug
1556 4497 1670 4570 lapides,
1692 4497 1790 4567 quitus
1806 4494 1967 4566 insculptam

342 4589 401 4634 att
418 4576 485 4633 nihil
501 4576 574 4632 alind
590 4576 644 4631 ahi
660 4577 832 4649 alphabetum
847 4579 902 4636 hoe
919 4580 1039 4635 rualem
1056 4590 1131 4635 certo
1148 4580 1285 4638 literam
1303 4583 1396 4639 ordine
1413 4589 1657 4655 acupenserem,
1674 4581 1746 4639 baad
1763 4579 1844 4637 dubie
1857 4596 1892 4635 ao
1903 4595 1966 4634 eon·

354 4664 430 4731 uilio,
448 4672 486 4729 ut,
504 4662 725 4734 quemadmodum
742 4665 832 4722 edicta
849 4665 963 4736 publica,
986 4661 1020 4717 ab
1039 4665 1160 4719 omuibus
1178 4677 1390 4739 cognosceretur
1412 4683 1491 4737 atque
1512 4667 1537 4723 in
1555 4668 1669 4725 omniurn
1685 4667 1816 4723 mensoria
1833 4664 1965 4728 haereret,

355 4749 519 4822 praesertim
538 4763 599 4802 cum
616 4747 642 4800 ia
660 4749 728 4803 locis
746 4749 929 4804 celeberrimis
948 4755 976 4802 ut
992 4748 1018 4802 ia
1037 4749 1089 4802 viis
1108 4749 1221 4821 publicis
1238 4759 1267 4806 et
1283 4752 1308 4805 iu
1326 4751 1436 4809 aedibus
1453 4752 1540 4813 uaeris
1558 4750 1692 4822 ejusmodi
1708 4749 1811 4823 lapides
1824 4756 1966 4803 occurrant

353 4842 493 4902 tamqnam
511 4831 612 4905 publici
630 4831 734 4905 lapides
752 4834 877 4901 literarii,
898 4832 994 4904 quihus
1014 4833 1098 4904 primu
1116 4834 1248 4890 elementa
1271 4837 1393 4894 omnibus
1409 4836 1582 4894 traderentur.
1617 4834 1661 4893 ct.
1677 4833 1875 4906 Liljegreui
1892 4831 1966 4886 llan-

349 4917 435 4972 mun
450 4934 479 4989 p.
497 4917 557 4974 172.
575 4924 604 4973 et
620 4916 770 4986 ejusdem
788 4918 1009 4975 ilua-Urbander
1025 4934 1107 4990 pagg·
1125 4918 1284 4979 236-238
