<?xml version="1.0" encoding="UTF-8"?>
<!DOCTYPE html PUBLIC "-//W3C//DTD XHTML 1.0 Transitional//EN"
    "http://www.w3.org/TR/xhtml1/DTD/xhtml1-transitional.dtd">
<html xmlns="http://www.w3.org/1999/xhtml" xml:lang="en" lang="en">
 <head>
  <title>
</title>
<meta http-equiv="Content-Type" content="text/html;charset=utf-8" />
  <meta name='ocr-system' content='tesseract 3.04.00' />
  <meta name='ocr-capabilities' content='ocr_page ocr_carea ocr_par ocr_line ocrx_word'/>
</head>
<body>
  <div class='ocr_page' id='page_1' title='image "./deliteraturaeph00geisgoog_0025.png"; bbox 0 0 4620 5926; ppageno 0'>
   <div class='ocr_carea' id='block_1_1' title="bbox 349 624 1704 1095">
    <p class='ocr_par' dir='ltr' id='par_1_1' title="bbox 750 624 1704 984">
     <span class='ocr_line' id='line_1_1' title="bbox 855 624 1552 729; baseline 0.003 -32"><span class='ocrx_word' id='word_1_1' title='bbox 855 625 985 697; x_wconf 60' lang='lat' dir='ltr'>Mire</span> <span class='ocrx_word' id='word_1_2' title='bbox 1032 624 1375 729; x_wconf 61' lang='lat' dir='ltr'>naming,</span> <span class='ocrx_word' id='word_1_3' title='bbox 1402 627 1424 669; x_wconf 83' lang='lat'><strong><em>‘</em></strong></span> <span class='ocrx_word' id='word_1_4' title='bbox 1452 629 1552 712; x_wconf 79' lang='lat' dir='ltr'>ext,</span> 
     </span>
     <span class='ocr_line' id='line_1_2' title="bbox 750 753 1552 843; baseline -0.001 -20"><span class='ocrx_word' id='word_1_5' title='bbox 750 754 895 826; x_wconf 65' lang='grc' dir='ltr'>ΓΜ</span> <span class='ocrx_word' id='word_1_6' title='bbox 929 753 1303 843; x_wconf 53' lang='lat' dir='ltr'>neumam</span> <span class='ocrx_word' id='word_1_7' title='bbox 1339 755 1366 838; x_wconf 78' lang='lat' dir='ltr'>t,</span> <span class='ocrx_word' id='word_1_8' title='bbox 1395 755 1418 800; x_wconf 46' lang='grc' dir='ltr'>Ν</span> <span class='ocrx_word' id='word_1_9' title='bbox 1452 757 1552 838; x_wconf 80' lang='lat' dir='ltr'>ext,</span> 
     </span>
     <span class='ocr_line' id='line_1_3' title="bbox 755 876 1704 984; baseline -0.006 -29"><span class='ocrx_word' id='word_1_10' title='bbox 755 876 913 962; x_wconf 62' lang='grc' dir='ltr'>Μὶν,</span> <span class='ocrx_word' id='word_1_11' title='bbox 1202 904 1295 950; x_wconf 68' lang='lat' dir='ltr'>sex</span> <span class='ocrx_word' id='word_1_12' title='bbox 1323 878 1622 971; x_wconf 65' lang='lat' dir='ltr'>i‚&#39;1(protox</span> <span class='ocrx_word' id='word_1_13' title='bbox 1650 877 1704 984; x_wconf 61' lang='grc' dir='ltr'>ζ),</span> 
     </span>
    </p>

    <p class='ocr_par' dir='ltr' id='par_1_2' title="bbox 349 1006 1205 1095">
     <span class='ocr_line' id='line_1_4' title="bbox 349 1006 1205 1095; baseline -0.008 -14"><span class='ocrx_word' id='word_1_14' title='bbox 349 1018 481 1081; x_wconf 81' lang='lat' dir='ltr'>servato</span> <span class='ocrx_word' id='word_1_15' title='bbox 503 1030 567 1078; x_wconf 91' lang='lat' dir='ltr'>uno</span> <span class='ocrx_word' id='word_1_16' title='bbox 591 1010 614 1092; x_wconf 90' lang='grc' dir='ltr'>Ι,</span> <span class='ocrx_word' id='word_1_17' title='bbox 635 1029 735 1095; x_wconf 84' lang='lat' dir='ltr'>quum</span> <span class='ocrx_word' id='word_1_18' title='bbox 755 1006 846 1075; x_wconf 88' lang='lat' dir='ltr'>linea</span> <span class='ocrx_word' id='word_1_19' title='bbox 869 1007 1044 1077; x_wconf 86' lang='lat' dir='ltr'>diaoritioa</span> <span class='ocrx_word' id='word_1_20' title='bbox 1066 1017 1205 1077; x_wconf 76' lang='lat' dir='ltr'>careret.</span> 
     </span>
    </p>
   </div>
   <div class='ocr_carea' id='block_1_2' title="bbox 348 1133 1957 1988">
    <p class='ocr_par' dir='ltr' id='par_1_3' title="bbox 348 1133 1957 1446">
     <span class='ocr_line' id='line_1_5' title="bbox 497 1133 1957 1227; baseline 0.003 -25"><span class='ocrx_word' id='word_1_21' title='bbox 497 1136 711 1224; x_wconf 83' lang='lat' dir='ltr'>Reliquorum</span> <span class='ocrx_word' id='word_1_22' title='bbox 734 1142 845 1204; x_wconf 88' lang='lat' dir='ltr'>autom</span> <span class='ocrx_word' id='word_1_23' title='bbox 866 1158 1020 1203; x_wconf 86' lang='lat' dir='ltr'>ranarum</span> <span class='ocrx_word' id='word_1_24' title='bbox 1041 1133 1170 1204; x_wconf 77' lang='lat' dir='ltr'>formae</span> <span class='ocrx_word' id='word_1_25' title='bbox 1193 1158 1238 1204; x_wconf 85' lang='lat' dir='ltr'>ex</span> <span class='ocrx_word' id='word_1_26' title='bbox 1259 1135 1412 1204; x_wconf 87' lang='lat' dir='ltr'>brevibus</span> <span class='ocrx_word' id='word_1_27' title='bbox 1434 1144 1589 1225; x_wconf 84' lang='lat' dir='ltr'>oonstant</span> <span class='ocrx_word' id='word_1_28' title='bbox 1613 1136 1745 1206; x_wconf 86' lang='lat' dir='ltr'>lineolis</span> <span class='ocrx_word' id='word_1_29' title='bbox 1775 1139 1893 1227; x_wconf 87' lang='lat' dir='ltr'>positis</span> <span class='ocrx_word' id='word_1_30' title='bbox 1921 1139 1957 1206; x_wconf 89' lang='lat' dir='ltr'>in</span> 
     </span>
     <span class='ocr_line' id='line_1_6' title="bbox 348 1245 1957 1339; baseline -0.002 -20"><span class='ocrx_word' id='word_1_31' title='bbox 348 1249 488 1320; x_wconf 68' lang='lat' dir='ltr'>avenis</span> <span class='ocrx_word' id='word_1_32' title='bbox 509 1246 594 1315; x_wconf 88' lang='lat' dir='ltr'>loois</span> <span class='ocrx_word' id='word_1_33' title='bbox 615 1247 702 1315; x_wconf 88' lang='lat' dir='ltr'>inter</span> <span class='ocrx_word' id='word_1_34' title='bbox 723 1249 806 1315; x_wconf 85' lang='lat' dir='ltr'>duas</span> <span class='ocrx_word' id='word_1_35' title='bbox 830 1245 956 1331; x_wconf 86' lang='lat' dir='ltr'>lineas,</span> <span class='ocrx_word' id='word_1_36' title='bbox 982 1246 1100 1335; x_wconf 83' lang='lat' dir='ltr'>quitus</span> <span class='ocrx_word' id='word_1_37' title='bbox 1127 1245 1241 1314; x_wconf 85' lang='lat' dir='ltr'>titulos</span> <span class='ocrx_word' id='word_1_38' title='bbox 1269 1249 1401 1315; x_wconf 83' lang='lat' dir='ltr'>runioos</span> <span class='ocrx_word' id='word_1_39' title='bbox 1429 1248 1553 1316; x_wconf 91' lang='lat' dir='ltr'>inoludi</span> <span class='ocrx_word' id='word_1_40' title='bbox 1582 1272 1684 1339; x_wconf 84' lang='lat' dir='ltr'>supra</span> <span class='ocrx_word' id='word_1_41' title='bbox 1712 1250 1872 1319; x_wconf 79' lang='lat' dir='ltr'>diximus:</span> <span class='ocrx_word' id='word_1_42' title='bbox 1903 1258 1957 1317; x_wconf 87' lang='lat' dir='ltr'>ost</span> 
     </span>
     <span class='ocr_line' id='line_1_7' title="bbox 348 1357 567 1446; baseline -0.014 -18"><span class='ocrx_word' id='word_1_43' title='bbox 348 1360 437 1429; x_wconf 85' lang='lat' dir='ltr'>onim</span> <span class='ocrx_word' id='word_1_44' title='bbox 457 1357 567 1446; x_wconf 77' lang='lat' dir='ltr'>posita</span> 
     </span>
    </p>

    <p class='ocr_par' dir='ltr' id='par_1_4' title="bbox 497 1467 1603 1558">
     <span class='ocr_line' id='line_1_8' title="bbox 497 1467 1603 1558; baseline -0.001 -21"><span class='ocrx_word' id='word_1_45' title='bbox 497 1477 506 1526; x_wconf 85' lang='lat'><strong>¹</strong></span> <span class='ocrx_word' id='word_1_46' title='bbox 531 1468 644 1537; x_wconf 81' lang='lat' dir='ltr'>brevis</span> <span class='ocrx_word' id='word_1_47' title='bbox 664 1467 791 1535; x_wconf 86' lang='lat' dir='ltr'>lineola</span> <span class='ocrx_word' id='word_1_48' title='bbox 807 1469 908 1550; x_wconf 87' lang='lat' dir='ltr'>juxta</span> <span class='ocrx_word' id='word_1_49' title='bbox 928 1467 1133 1555; x_wconf 86' lang='lat' dir='ltr'>superiorem</span> <span class='ocrx_word' id='word_1_50' title='bbox 1154 1470 1337 1556; x_wconf 76' lang='lat' dir='ltr'><strong>marginem</strong></span> <span class='ocrx_word' id='word_1_51' title='bbox 1359 1493 1420 1558; x_wconf 83' lang='lat' dir='ltr'>pro</span> <span class='ocrx_word' id='word_1_52' title='bbox 1444 1470 1470 1529; x_wconf 70' lang='lat' dir='ltr'>v</span> <span class='ocrx_word' id='word_1_53' title='bbox 1496 1492 1538 1536; x_wconf 87' lang='lat' dir='ltr'>ex</span> <span class='ocrx_word' id='word_1_54' title='bbox 1562 1471 1603 1554; x_wconf 71' lang='grc' dir='ltr'>Μ,</span> 
     </span>
    </p>

    <p class='ocr_par' dir='ltr' id='par_1_5' title="bbox 502 1574 1367 1664">
     <span class='ocr_line' id='line_1_9' title="bbox 502 1574 1367 1664; baseline 0 -20"><span class='ocrx_word' id='word_1_55' title='bbox 502 1583 512 1632; x_wconf 78' lang='lat'>⁸</span> <span class='ocrx_word' id='word_1_56' title='bbox 536 1575 648 1644; x_wconf 83' lang='lat' dir='ltr'>brevis</span> <span class='ocrx_word' id='word_1_57' title='bbox 670 1574 794 1643; x_wconf 88' lang='lat' dir='ltr'>lineola</span> <span class='ocrx_word' id='word_1_58' title='bbox 815 1575 848 1643; x_wconf 92' lang='lat' dir='ltr'>in</span> <span class='ocrx_word' id='word_1_59' title='bbox 870 1575 981 1644; x_wconf 92' lang='lat' dir='ltr'>medio</span> <span class='ocrx_word' id='word_1_60' title='bbox 1004 1597 1064 1664; x_wconf 82' lang='lat' dir='ltr'>pro</span> <span class='ocrx_word' id='word_1_61' title='bbox 1088 1588 1104 1637; x_wconf 91' lang='lat'>&gt;</span> <span class='ocrx_word' id='word_1_62' title='bbox 1128 1577 1198 1644; x_wconf 86' lang='lat' dir='ltr'>sive</span> <span class='ocrx_word' id='word_1_63' title='bbox 1228 1605 1244 1653; x_wconf 82' lang='grc'>)</span> <span class='ocrx_word' id='word_1_64' title='bbox 1268 1598 1312 1644; x_wconf 85' lang='lat' dir='ltr'>ex</span> <span class='ocrx_word' id='word_1_65' title='bbox 1336 1577 1367 1661; x_wconf 71' lang='grc' dir='ltr'>Ρ,</span> 
     </span>
    </p>

    <p class='ocr_par' dir='ltr' id='par_1_6' title="bbox 500 1682 1633 1774">
     <span class='ocr_line' id='line_1_10' title="bbox 500 1682 1633 1774; baseline 0.001 -23"><span class='ocrx_word' id='word_1_66' title='bbox 500 1718 510 1760; x_wconf 75' lang='grc' dir='ltr'>ι</span> <span class='ocrx_word' id='word_1_67' title='bbox 533 1684 643 1752; x_wconf 81' lang='lat' dir='ltr'>brevis</span> <span class='ocrx_word' id='word_1_68' title='bbox 664 1682 789 1750; x_wconf 88' lang='lat' dir='ltr'>lineola</span> <span class='ocrx_word' id='word_1_69' title='bbox 806 1684 907 1766; x_wconf 86' lang='lat' dir='ltr'>jnxta</span> <span class='ocrx_word' id='word_1_70' title='bbox 928 1682 1120 1751; x_wconf 79' lang='lat' dir='ltr'>interiorem</span> <span class='ocrx_word' id='word_1_71' title='bbox 1142 1684 1322 1774; x_wconf 75' lang='lat' dir='ltr'>marginem</span> <span class='ocrx_word' id='word_1_72' title='bbox 1345 1707 1405 1773; x_wconf 81' lang='lat' dir='ltr'>pro</span> <span class='ocrx_word' id='word_1_73' title='bbox 1428 1703 1455 1758; x_wconf 63' lang='grc' dir='ltr'><em>θ</em></span> <span class='ocrx_word' id='word_1_74' title='bbox 1476 1706 1519 1752; x_wconf 84' lang='lat' dir='ltr'>ex</span> <span class='ocrx_word' id='word_1_75' title='bbox 1546 1686 1575 1762; x_wconf 74' lang='grc' dir='ltr'>ΙΙ</span> <span class='ocrx_word' id='word_1_76' title='bbox 1599 1695 1633 1754; x_wconf 89' lang='lat' dir='ltr'>et</span> 
     </span>
    </p>

    <p class='ocr_par' dir='ltr' id='par_1_7' title="bbox 496 1791 1720 1882">
     <span class='ocr_line' id='line_1_11' title="bbox 496 1791 1720 1882; baseline 0.002 -25"><span class='ocrx_word' id='word_1_77' title='bbox 496 1797 587 1882; x_wconf 63' lang='lat' dir='ltr'>ipro</span> <span class='ocrx_word' id='word_1_78' title='bbox 613 1811 636 1860; x_wconf 58' lang='grc' dir='ltr'><strong><em>κ</em></strong></span> <span class='ocrx_word' id='word_1_79' title='bbox 662 1814 707 1859; x_wconf 85' lang='lat' dir='ltr'>ox</span> <span class='ocrx_word' id='word_1_80' title='bbox 732 1813 753 1855; x_wconf 67' lang='lat' dir='ltr'>x</span> <span class='ocrx_word' id='word_1_81' title='bbox 776 1793 876 1875; x_wconf 82' lang='lat' dir='ltr'>juxta</span> <span class='ocrx_word' id='word_1_82' title='bbox 896 1791 1102 1879; x_wconf 84' lang='lat' dir='ltr'>superiorem</span> <span class='ocrx_word' id='word_1_83' title='bbox 1125 1794 1307 1881; x_wconf 76' lang='lat' dir='ltr'>marginem</span> <span class='ocrx_word' id='word_1_84' title='bbox 1330 1794 1417 1867; x_wconf 73' lang='lat' dir='ltr'>exi</span> <span class='ocrx_word' id='word_1_85' title='bbox 1452 1815 1514 1881; x_wconf 83' lang='lat' dir='ltr'>pro</span> <span class='ocrx_word' id='word_1_86' title='bbox 1538 1795 1583 1880; x_wconf 84' lang='grc' dir='ltr'>Υ,</span> <span class='ocrx_word' id='word_1_87' title='bbox 1605 1802 1720 1862; x_wconf 88' lang='lat' dir='ltr'>oontra</span> 
     </span>
    </p>

    <p class='ocr_par' dir='ltr' id='par_1_8' title="bbox 496 1898 1449 1988">
     <span class='ocr_line' id='line_1_12' title="bbox 496 1898 1449 1988; baseline 0.005 -23"><span class='ocrx_word' id='word_1_88' title='bbox 496 1953 507 1985; x_wconf 48' lang='grc'>.,</span> <span class='ocrx_word' id='word_1_89' title='bbox 523 1902 622 1987; x_wconf 83' lang='lat' dir='ltr'>juxta</span> <span class='ocrx_word' id='word_1_90' title='bbox 643 1898 835 1969; x_wconf 84' lang='lat' dir='ltr'>inferiorem</span> <span class='ocrx_word' id='word_1_91' title='bbox 856 1899 1039 1988; x_wconf 86' lang='lat' dir='ltr'>marginem</span> <span class='ocrx_word' id='word_1_92' title='bbox 1061 1902 1241 1986; x_wconf 73' lang='lat' dir='ltr'><strong>respondet</strong></span> <span class='ocrx_word' id='word_1_93' title='bbox 1258 1900 1384 1970; x_wconf 86' lang='lat' dir='ltr'>formae</span> <span class='ocrx_word' id='word_1_94' title='bbox 1408 1903 1449 1975; x_wconf 72' lang='lat' dir='ltr'>et.</span> 
     </span>
    </p>
   </div>
   <div class='ocr_carea' id='block_1_3' title="bbox 344 2015 1958 4334">
    <p class='ocr_par' dir='ltr' id='par_1_9' title="bbox 344 2015 1958 3220">
     <span class='ocr_line' id='line_1_13' title="bbox 494 2015 1955 2116; baseline 0 -20"><span class='ocrx_word' id='word_1_95' title='bbox 494 2026 573 2096; x_wconf 86' lang='lat' dir='ltr'>Jam</span> <span class='ocrx_word' id='word_1_96' title='bbox 594 2050 686 2111; x_wconf 87' lang='lat' dir='ltr'>voro,</span> <span class='ocrx_word' id='word_1_97' title='bbox 707 2051 805 2116; x_wconf 92' lang='lat' dir='ltr'>quum</span> <span class='ocrx_word' id='word_1_98' title='bbox 826 2027 1003 2095; x_wconf 77' lang='lat' dir='ltr'>nonnullae</span> <span class='ocrx_word' id='word_1_99' title='bbox 1026 2029 1140 2095; x_wconf 87' lang='lat' dir='ltr'>harum</span> <span class='ocrx_word' id='word_1_100' title='bbox 1162 2028 1331 2095; x_wconf 88' lang='lat' dir='ltr'>literarum</span> <span class='ocrx_word' id='word_1_101' title='bbox 1353 2029 1480 2097; x_wconf 82' lang='lat' dir='ltr'>formae</span> <span class='ocrx_word' id='word_1_102' title='bbox 1506 2053 1547 2097; x_wconf 88' lang='lat' dir='ltr'>ea</span> <span class='ocrx_word' id='word_1_103' title='bbox 1567 2039 1692 2097; x_wconf 89' lang='lat' dir='ltr'>tantum</span> <span class='ocrx_word' id='word_1_104' title='bbox 1715 2015 1841 2098; x_wconf 87' lang='lat' dir='ltr'>ratione</span> <span class='ocrx_word' id='word_1_105' title='bbox 1864 2032 1955 2096; x_wconf 91' lang='lat' dir='ltr'>inter</span> 
     </span>
     <span class='ocr_line' id='line_1_14' title="bbox 346 2116 1958 2229; baseline -0.002 -19"><span class='ocrx_word' id='word_1_106' title='bbox 346 2161 385 2210; x_wconf 78' lang='lat' dir='ltr'>so</span> <span class='ocrx_word' id='word_1_107' title='bbox 407 2138 575 2224; x_wconf 75' lang='lat' dir='ltr'>differant,</span> <span class='ocrx_word' id='word_1_108' title='bbox 597 2161 663 2227; x_wconf 89' lang='lat' dir='ltr'>qua</span> <span class='ocrx_word' id='word_1_109' title='bbox 684 2116 792 2206; x_wconf 82' lang='lat' dir='ltr'>imeae</span> <span class='ocrx_word' id='word_1_110' title='bbox 816 2138 1009 2206; x_wconf 89' lang='lat' dir='ltr'>diaoritioae</span> <span class='ocrx_word' id='word_1_111' title='bbox 1031 2141 1075 2206; x_wconf 90' lang='lat' dir='ltr'>ad</span> <span class='ocrx_word' id='word_1_112' title='bbox 1098 2137 1240 2207; x_wconf 82' lang='lat' dir='ltr'>talorum</span> <span class='ocrx_word' id='word_1_113' title='bbox 1261 2148 1412 2225; x_wconf 86' lang='lat' dir='ltr'>vergant,</span> <span class='ocrx_word' id='word_1_114' title='bbox 1433 2141 1519 2208; x_wconf 88' lang='lat' dir='ltr'>haeo</span> <span class='ocrx_word' id='word_1_115' title='bbox 1537 2142 1625 2207; x_wconf 84' lang='lat' dir='ltr'>ratio</span> <span class='ocrx_word' id='word_1_116' title='bbox 1646 2150 1682 2206; x_wconf 89' lang='lat' dir='ltr'>ut</span> <span class='ocrx_word' id='word_1_117' title='bbox 1700 2142 1811 2207; x_wconf 87' lang='lat' dir='ltr'>statim</span> <span class='ocrx_word' id='word_1_118' title='bbox 1829 2161 1958 2229; x_wconf 85' lang='lat' dir='ltr'>eogno-</span> 
     </span>
     <span class='ocr_line' id='line_1_15' title="bbox 346 2249 1956 2338; baseline -0.001 -17"><span class='ocrx_word' id='word_1_119' title='bbox 346 2259 506 2336; x_wconf 82' lang='lat' dir='ltr'>soorotur,</span> <span class='ocrx_word' id='word_1_120' title='bbox 527 2249 697 2318; x_wconf 79' lang='lat' dir='ltr'>breviores</span> <span class='ocrx_word' id='word_1_121' title='bbox 711 2249 821 2317; x_wconf 88' lang='lat' dir='ltr'>lineae</span> <span class='ocrx_word' id='word_1_122' title='bbox 835 2250 1121 2337; x_wconf 72' lang='lat' dir='ltr'>praemonebantur</span> <span class='ocrx_word' id='word_1_123' title='bbox 1142 2253 1186 2317; x_wconf 88' lang='lat' dir='ltr'>ad</span> <span class='ocrx_word' id='word_1_124' title='bbox 1206 2251 1345 2318; x_wconf 83' lang='lat' dir='ltr'>formam</span> <span class='ocrx_word' id='word_1_125' title='bbox 1368 2250 1591 2337; x_wconf 88' lang='lat' dir='ltr'>ounooiorum,</span> <span class='ocrx_word' id='word_1_126' title='bbox 1613 2250 1781 2338; x_wconf 78' lang='lat' dir='ltr'>longiores</span> <span class='ocrx_word' id='word_1_127' title='bbox 1803 2253 1956 2319; x_wconf 85' lang='lat' dir='ltr'>inourva-</span> 
     </span>
     <span class='ocr_line' id='line_1_16' title="bbox 345 2360 1954 2459; baseline -0.002 -27"><span class='ocrx_word' id='word_1_128' title='bbox 345 2364 477 2448; x_wconf 79' lang='lat' dir='ltr'>bantur,</span> <span class='ocrx_word' id='word_1_129' title='bbox 495 2360 588 2431; x_wconf 78' lang='lat' dir='ltr'>velut</span> <span class='ocrx_word' id='word_1_130' title='bbox 622 2364 646 2423; x_wconf 81' lang='lat' dir='ltr'><em>l</em></span> <span class='ocrx_word' id='word_1_131' title='bbox 676 2383 737 2450; x_wconf 87' lang='lat' dir='ltr'>pro</span> <span class='ocrx_word' id='word_1_132' title='bbox 768 2375 789 2418; x_wconf 69' lang='lat' dir='ltr'><em>s</em></span> <span class='ocrx_word' id='word_1_133' title='bbox 811 2382 856 2427; x_wconf 87' lang='lat' dir='ltr'>ex</span> <span class='ocrx_word' id='word_1_134' title='bbox 877 2362 909 2447; x_wconf 85' lang='grc'>1,</span> <span class='ocrx_word' id='word_1_135' title='bbox 931 2368 967 2427; x_wconf 91' lang='lat' dir='ltr'>ut</span> <span class='ocrx_word' id='word_1_136' title='bbox 988 2360 1248 2448; x_wconf 76' lang='lat' dir='ltr'>distingueretur</span> <span class='ocrx_word' id='word_1_137' title='bbox 1267 2363 1310 2429; x_wconf 89' lang='lat' dir='ltr'>ab</span> <span class='ocrx_word' id='word_1_138' title='bbox 1339 2376 1363 2423; x_wconf 75' lang='lat' dir='ltr'><em>f</em></span> <span class='ocrx_word' id='word_1_139' title='bbox 1386 2362 1456 2429; x_wconf 86' lang='lat' dir='ltr'>sive</span> <span class='ocrx_word' id='word_1_140' title='bbox 1487 2365 1500 2444; x_wconf 72' lang='lat' dir='ltr'>J</span> <span class='ocrx_word' id='word_1_141' title='bbox 1526 2386 1568 2430; x_wconf 87' lang='lat' dir='ltr'>ox</span> <span class='ocrx_word' id='word_1_142' title='bbox 1596 2364 1633 2448; x_wconf 70' lang='lat'>1²3</span> <span class='ocrx_word' id='word_1_143' title='bbox 1655 2411 1680 2459; x_wconf 71' lang='lat' dir='ltr'><em>t</em></span> <span class='ocrx_word' id='word_1_144' title='bbox 1712 2386 1773 2449; x_wconf 85' lang='lat' dir='ltr'>pro</span> <span class='ocrx_word' id='word_1_145' title='bbox 1800 2384 1821 2426; x_wconf 73' lang='lat' dir='ltr'><em>t</em></span> <span class='ocrx_word' id='word_1_146' title='bbox 1848 2385 1892 2430; x_wconf 86' lang='lat' dir='ltr'>ex</span> <span class='ocrx_word' id='word_1_147' title='bbox 1918 2363 1954 2456; x_wconf 70' lang='lat' dir='ltr'>t,</span> 
     </span>
     <span class='ocr_line' id='line_1_17' title="bbox 344 2467 1957 2559; baseline -0.002 -19"><span class='ocrx_word' id='word_1_148' title='bbox 344 2481 382 2540; x_wconf 92' lang='lat' dir='ltr'>ut</span> <span class='ocrx_word' id='word_1_149' title='bbox 403 2471 662 2559; x_wconf 74' lang='lat' dir='ltr'>distingueretur</span> <span class='ocrx_word' id='word_1_150' title='bbox 683 2471 725 2535; x_wconf 90' lang='lat' dir='ltr'>ab</span> <span class='ocrx_word' id='word_1_151' title='bbox 751 2483 777 2535; x_wconf 74' lang='lat' dir='ltr'><em>l</em></span> <span class='ocrx_word' id='word_1_152' title='bbox 799 2471 869 2537; x_wconf 82' lang='lat' dir='ltr'>sive</span> <span class='ocrx_word' id='word_1_153' title='bbox 890 2477 934 2530; x_wconf 70' lang='lat' dir='ltr'><strong><em>f</em></strong></span> <span class='ocrx_word' id='word_1_154' title='bbox 956 2491 1000 2536; x_wconf 86' lang='lat' dir='ltr'>ex</span> <span class='ocrx_word' id='word_1_155' title='bbox 1023 2469 1053 2541; x_wconf 60' lang='grc' dir='ltr'>Α</span> <span class='ocrx_word' id='word_1_156' title='bbox 1077 2478 1141 2536; x_wconf 89' lang='lat' dir='ltr'>oet.</span> <span class='ocrx_word' id='word_1_157' title='bbox 1164 2470 1245 2554; x_wconf 88' lang='lat' dir='ltr'>(vid.</span> <span class='ocrx_word' id='word_1_158' title='bbox 1266 2467 1500 2558; x_wconf 76' lang='lat' dir='ltr'>tab.11.4.).‘)</span> <span class='ocrx_word' id='word_1_159' title='bbox 1548 2469 1641 2545; x_wconf 77' lang='lat' dir='ltr'>Quas</span> <span class='ocrx_word' id='word_1_160' title='bbox 1662 2472 1792 2558; x_wconf 86' lang='lat' dir='ltr'>quidem</span> <span class='ocrx_word' id='word_1_161' title='bbox 1814 2470 1957 2538; x_wconf 80' lang='lat' dir='ltr'>lineolae</span> 
     </span>
     <span class='ocr_line' id='line_1_18' title="bbox 346 2568 1957 2666; baseline -0.001 -20"><span class='ocrx_word' id='word_1_162' title='bbox 346 2568 461 2647; x_wconf 79' lang='lat' dir='ltr'>omues</span> <span class='ocrx_word' id='word_1_163' title='bbox 481 2578 693 2645; x_wconf 81' lang='lat' dir='ltr'>manifestum</span> <span class='ocrx_word' id='word_1_164' title='bbox 715 2585 768 2646; x_wconf 91' lang='lat' dir='ltr'>ost</span> <span class='ocrx_word' id='word_1_165' title='bbox 787 2576 968 2666; x_wconf 86' lang='lat' dir='ltr'>partiouias</span> <span class='ocrx_word' id='word_1_166' title='bbox 989 2577 1088 2645; x_wconf 92' lang='lat' dir='ltr'>trium</span> <span class='ocrx_word' id='word_1_167' title='bbox 1111 2599 1186 2644; x_wconf 89' lang='lat' dir='ltr'>osse</span> <span class='ocrx_word' id='word_1_168' title='bbox 1206 2577 1384 2645; x_wconf 88' lang='lat' dir='ltr'>linearum:</span> <span class='ocrx_word' id='word_1_169' title='bbox 1408 2578 1516 2646; x_wconf 88' lang='lat' dir='ltr'>lineae</span> <span class='ocrx_word' id='word_1_170' title='bbox 1539 2578 1696 2664; x_wconf 82' lang='lat' dir='ltr'>directae,</span> <span class='ocrx_word' id='word_1_171' title='bbox 1717 2580 1827 2648; x_wconf 88' lang='lat' dir='ltr'>lineae</span> <span class='ocrx_word' id='word_1_172' title='bbox 1851 2582 1894 2646; x_wconf 89' lang='lat' dir='ltr'>ad</span> <span class='ocrx_word' id='word_1_173' title='bbox 1910 2580 1957 2645; x_wconf 93' lang='lat' dir='ltr'>si-</span> 
     </span>
     <span class='ocr_line' id='line_1_19' title="bbox 344 2686 1956 2775; baseline -0.001 -17"><span class='ocrx_word' id='word_1_174' title='bbox 344 2691 496 2774; x_wconf 83' lang='lat' dir='ltr'>nistram,</span> <span class='ocrx_word' id='word_1_175' title='bbox 516 2688 626 2756; x_wconf 88' lang='lat' dir='ltr'>linoae</span> <span class='ocrx_word' id='word_1_176' title='bbox 648 2690 693 2754; x_wconf 72' lang='lat' dir='ltr'>ael</span> <span class='ocrx_word' id='word_1_177' title='bbox 714 2689 886 2756; x_wconf 85' lang='lat' dir='ltr'>dexteram</span> <span class='ocrx_word' id='word_1_178' title='bbox 908 2689 1089 2775; x_wconf 77' lang='lat' dir='ltr'>vergentis,</span> <span class='ocrx_word' id='word_1_179' title='bbox 1111 2687 1172 2754; x_wconf 83' lang='lat' dir='ltr'>has</span> <span class='ocrx_word' id='word_1_180' title='bbox 1194 2696 1303 2754; x_wconf 88' lang='lat' dir='ltr'>autem</span> <span class='ocrx_word' id='word_1_181' title='bbox 1317 2686 1585 2773; x_wconf 73' lang='lat' dir='ltr'>singulas&#39;iineas</span> <span class='ocrx_word' id='word_1_182' title='bbox 1600 2692 1721 2758; x_wconf 89' lang='lat' dir='ltr'>iterum</span> <span class='ocrx_word' id='word_1_183' title='bbox 1737 2713 1812 2758; x_wconf 90' lang='lat' dir='ltr'>esse</span> <span class='ocrx_word' id='word_1_184' title='bbox 1829 2690 1956 2757; x_wconf 85' lang='lat' dir='ltr'>divisas</span> 
     </span>
     <span class='ocr_line' id='line_1_20' title="bbox 345 2798 1957 2889; baseline -0.001 -19"><span class='ocrx_word' id='word_1_185' title='bbox 345 2823 432 2870; x_wconf 89' lang='lat' dir='ltr'>nuno</span> <span class='ocrx_word' id='word_1_186' title='bbox 455 2802 489 2867; x_wconf 90' lang='lat' dir='ltr'>in</span> <span class='ocrx_word' id='word_1_187' title='bbox 511 2802 594 2866; x_wconf 87' lang='lat' dir='ltr'>dues</span> <span class='ocrx_word' id='word_1_188' title='bbox 616 2820 704 2868; x_wconf 91' lang='lat' dir='ltr'>nuno</span> <span class='ocrx_word' id='word_1_189' title='bbox 725 2800 759 2866; x_wconf 93' lang='lat' dir='ltr'>in</span> <span class='ocrx_word' id='word_1_190' title='bbox 780 2807 860 2884; x_wconf 81' lang='lat' dir='ltr'>tres,</span> <span class='ocrx_word' id='word_1_191' title='bbox 882 2801 1013 2867; x_wconf 89' lang='lat' dir='ltr'>omnino</span> <span class='ocrx_word' id='word_1_192' title='bbox 1036 2799 1139 2887; x_wconf 88' lang='lat' dir='ltr'>igitur</span> <span class='ocrx_word' id='word_1_193' title='bbox 1160 2798 1193 2863; x_wconf 92' lang='lat' dir='ltr'>in</span> <span class='ocrx_word' id='word_1_194' title='bbox 1215 2805 1329 2884; x_wconf 86' lang='lat' dir='ltr'>partes</span> <span class='ocrx_word' id='word_1_195' title='bbox 1346 2800 1502 2887; x_wconf 88' lang='lat' dir='ltr'>quinque,</span> <span class='ocrx_word' id='word_1_196' title='bbox 1523 2800 1640 2889; x_wconf 84' lang='lat' dir='ltr'>quibus</span> <span class='ocrx_word' id='word_1_197' title='bbox 1662 2800 1793 2868; x_wconf 86' lang='lat' dir='ltr'>lineolis</span> <span class='ocrx_word' id='word_1_198' title='bbox 1813 2802 1878 2868; x_wconf 87' lang='lat' dir='ltr'>hao</span> <span class='ocrx_word' id='word_1_199' title='bbox 1901 2823 1957 2868; x_wconf 86' lang='lat' dir='ltr'>ra·</span> 
     </span>
     <span class='ocr_line' id='line_1_21' title="bbox 346 2907 1956 3001; baseline -0.001 -20"><span class='ocrx_word' id='word_1_200' title='bbox 346 2913 438 2981; x_wconf 89' lang='lat' dir='ltr'>tione</span> <span class='ocrx_word' id='word_1_201' title='bbox 460 2911 587 2980; x_wconf 86' lang='lat' dir='ltr'>exortis</span> <span class='ocrx_word' id='word_1_202' title='bbox 614 2932 728 2978; x_wconf 88' lang='lat' dir='ltr'>omnes</span> <span class='ocrx_word' id='word_1_203' title='bbox 754 2909 972 2981; x_wconf 85' lang='lat' dir='ltr'>oonfioiantur</span> <span class='ocrx_word' id='word_1_204' title='bbox 997 2909 1107 2976; x_wconf 88' lang='lat' dir='ltr'>lineae</span> <span class='ocrx_word' id='word_1_205' title='bbox 1136 2907 1327 2974; x_wconf 88' lang='lat' dir='ltr'>diaoritioae</span> <span class='ocrx_word' id='word_1_206' title='bbox 1354 2909 1421 2978; x_wconf 87' lang='lat' dir='ltr'>hoo</span> <span class='ocrx_word' id='word_1_207' title='bbox 1447 2920 1499 2977; x_wconf 87' lang='lat' dir='ltr'>est</span> <span class='ocrx_word' id='word_1_208' title='bbox 1527 2935 1640 2978; x_wconf 89' lang='lat' dir='ltr'>omnes</span> <span class='ocrx_word' id='word_1_209' title='bbox 1669 2935 1789 2997; x_wconf 89' lang='lat' dir='ltr'>ranae,</span> <span class='ocrx_word' id='word_1_210' title='bbox 1817 2935 1956 3001; x_wconf 87' lang='lat' dir='ltr'>quarum</span> 
     </span>
     <span class='ocr_line' id='line_1_22' title="bbox 346 3019 1955 3111; baseline -0.002 -20"><span class='ocrx_word' id='word_1_211' title='bbox 346 3045 502 3091; x_wconf 86' lang='lat' dir='ltr'>numerus</span> <span class='ocrx_word' id='word_1_212' title='bbox 524 3023 642 3090; x_wconf 82' lang='lat' dir='ltr'>oedem</span> <span class='ocrx_word' id='word_1_213' title='bbox 670 3022 712 3089; x_wconf 88' lang='lat' dir='ltr'>de</span> <span class='ocrx_word' id='word_1_214' title='bbox 741 3043 844 3088; x_wconf 85' lang='lat' dir='ltr'>nausa</span> <span class='ocrx_word' id='word_1_215' title='bbox 869 3030 922 3090; x_wconf 83' lang='lat' dir='ltr'>est</span> <span class='ocrx_word' id='word_1_216' title='bbox 943 3019 1146 3111; x_wconf 85' lang='lat' dir='ltr'>quindeoim,</span> <span class='ocrx_word' id='word_1_217' title='bbox 1172 3039 1249 3083; x_wconf 87' lang='lat' dir='ltr'>nam</span> <span class='ocrx_word' id='word_1_218' title='bbox 1275 3026 1328 3085; x_wconf 89' lang='lat' dir='ltr'>ter</span> <span class='ocrx_word' id='word_1_219' title='bbox 1348 3023 1448 3109; x_wconf 83' lang='lat' dir='ltr'>quina</span> <span class='ocrx_word' id='word_1_220' title='bbox 1469 3023 1654 3111; x_wconf 81' lang='lat' dir='ltr'>quindecim</span> <span class='ocrx_word' id='word_1_221' title='bbox 1677 3032 1760 3089; x_wconf 88' lang='lat' dir='ltr'>suot.</span> <span class='ocrx_word' id='word_1_222' title='bbox 1811 3022 1955 3090; x_wconf 87' lang='lat' dir='ltr'>Oenim</span> 
     </span>
     <span class='ocr_line' id='line_1_23' title="bbox 346 3129 1666 3220; baseline -0.001 -19"><span class='ocrx_word' id='word_1_223' title='bbox 346 3133 495 3202; x_wconf 83' lang='lat' dir='ltr'>vooalom</span> <span class='ocrx_word' id='word_1_224' title='bbox 517 3139 636 3220; x_wconf 83' lang='lat' dir='ltr'>postea</span> <span class='ocrx_word' id='word_1_225' title='bbox 657 3134 802 3199; x_wconf 89' lang='lat' dir='ltr'>additam</span> <span class='ocrx_word' id='word_1_226' title='bbox 825 3155 900 3201; x_wconf 84' lang='lat' dir='ltr'>ease</span> <span class='ocrx_word' id='word_1_227' title='bbox 922 3152 1023 3219; x_wconf 76' lang='lat' dir='ltr'>supra</span> <span class='ocrx_word' id='word_1_228' title='bbox 1039 3130 1111 3211; x_wconf 73' lang='lat' dir='ltr'>jam</span> <span class='ocrx_word' id='word_1_229' title='bbox 1134 3129 1278 3195; x_wconf 79' lang='lat' dir='ltr'>diximus</span> <span class='ocrx_word' id='word_1_230' title='bbox 1300 3130 1378 3214; x_wconf 83' lang='lat' dir='ltr'>(vid.</span> <span class='ocrx_word' id='word_1_231' title='bbox 1402 3132 1470 3200; x_wconf 87' lang='lat' dir='ltr'>tab.</span> <span class='ocrx_word' id='word_1_232' title='bbox 1492 3132 1536 3200; x_wconf 88' lang='grc' dir='ltr'>Π.</span> <span class='ocrx_word' id='word_1_233' title='bbox 1561 3135 1590 3202; x_wconf 88' lang='grc'>1.</span> <span class='ocrx_word' id='word_1_234' title='bbox 1613 3135 1666 3219; x_wconf 82' lang='grc'><strong>2.).</strong></span> 
     </span>
    </p>

    <p class='ocr_par' dir='ltr' id='par_1_10' title="bbox 499 3236 1579 3330">
     <span class='ocr_line' id='line_1_24' title="bbox 499 3236 1579 3330; baseline 0.005 -22"><span class='ocrx_word' id='word_1_235' title='bbox 499 3241 575 3309; x_wconf 81' lang='lat' dir='ltr'>Euo</span> <span class='ocrx_word' id='word_1_236' title='bbox 596 3242 698 3329; x_wconf 90' lang='lat' dir='ltr'>igitur</span> <span class='ocrx_word' id='word_1_237' title='bbox 718 3244 848 3311; x_wconf 91' lang='lat' dir='ltr'>ratione</span> <span class='ocrx_word' id='word_1_238' title='bbox 870 3239 1074 3330; x_wconf 89' lang='lat' dir='ltr'>geometrioa</span> <span class='ocrx_word' id='word_1_239' title='bbox 1096 3236 1213 3305; x_wconf 87' lang='lat' dir='ltr'>literae</span> <span class='ocrx_word' id='word_1_240' title='bbox 1236 3263 1351 3308; x_wconf 89' lang='lat' dir='ltr'>omnes</span> <span class='ocrx_word' id='word_1_241' title='bbox 1373 3251 1472 3309; x_wconf 89' lang='lat' dir='ltr'>natae</span> <span class='ocrx_word' id='word_1_242' title='bbox 1494 3252 1579 3313; x_wconf 82' lang='lat' dir='ltr'>sunt.</span> 
     </span>
    </p>

    <p class='ocr_par' dir='ltr' id='par_1_11' title="bbox 347 3347 1957 4003">
     <span class='ocr_line' id='line_1_25' title="bbox 497 3347 1955 3443; baseline 0.002 -24"><span class='ocrx_word' id='word_1_243' title='bbox 497 3351 569 3420; x_wconf 84' lang='lat' dir='ltr'>Sed</span> <span class='ocrx_word' id='word_1_244' title='bbox 590 3361 627 3420; x_wconf 91' lang='lat' dir='ltr'>ut</span> <span class='ocrx_word' id='word_1_245' title='bbox 647 3352 799 3443; x_wconf 86' lang='lat' dir='ltr'>singulae</span> <span class='ocrx_word' id='word_1_246' title='bbox 820 3354 983 3421; x_wconf 87' lang='lat' dir='ltr'>linearum</span> <span class='ocrx_word' id='word_1_247' title='bbox 1005 3347 1135 3415; x_wconf 81' lang='lat' dir='ltr'>iliarum</span> <span class='ocrx_word' id='word_1_248' title='bbox 1157 3352 1255 3417; x_wconf 88' lang='lat' dir='ltr'>trium</span> <span class='ocrx_word' id='word_1_249' title='bbox 1277 3361 1392 3439; x_wconf 86' lang='lat' dir='ltr'>partes</span> <span class='ocrx_word' id='word_1_250' title='bbox 1413 3353 1537 3436; x_wconf 85' lang='lat' dir='ltr'>(lineae</span> <span class='ocrx_word' id='word_1_251' title='bbox 1554 3354 1762 3440; x_wconf 86' lang='lat' dir='ltr'>diaoritioae)</span> <span class='ocrx_word' id='word_1_252' title='bbox 1779 3355 1955 3422; x_wconf 83' lang='lat' dir='ltr'>altitudine</span> 
     </span>
     <span class='ocr_line' id='line_1_26' title="bbox 347 3463 1957 3549; baseline -0.001 -17"><span class='ocrx_word' id='word_1_253' title='bbox 347 3464 572 3532; x_wconf 89' lang='lat' dir='ltr'>tantummodo</span> <span class='ocrx_word' id='word_1_254' title='bbox 602 3464 689 3530; x_wconf 87' lang='lat' dir='ltr'>inter</span> <span class='ocrx_word' id='word_1_255' title='bbox 722 3487 759 3531; x_wconf 90' lang='lat' dir='ltr'>se</span> <span class='ocrx_word' id='word_1_256' title='bbox 794 3466 948 3535; x_wconf 80' lang='lat' dir='ltr'>diversae</span> <span class='ocrx_word' id='word_1_257' title='bbox 975 3468 1129 3528; x_wconf 88' lang='lat' dir='ltr'>aoourate</span> <span class='ocrx_word' id='word_1_258' title='bbox 1159 3463 1458 3549; x_wconf 85' lang='lat' dir='ltr'>distinguerentur,</span> <span class='ocrx_word' id='word_1_259' title='bbox 1486 3463 1655 3531; x_wconf 86' lang='lat' dir='ltr'>literarum</span> <span class='ocrx_word' id='word_1_260' title='bbox 1683 3486 1798 3533; x_wconf 85' lang='lat' dir='ltr'>versus</span> <span class='ocrx_word' id='word_1_261' title='bbox 1827 3465 1957 3531; x_wconf 87' lang='lat' dir='ltr'>duabus</span> 
     </span>
     <span class='ocr_line' id='line_1_27' title="bbox 347 3570 1956 3661; baseline -0.001 -19"><span class='ocrx_word' id='word_1_262' title='bbox 347 3574 446 3642; x_wconf 85' lang='lat' dir='ltr'>lineis</span> <span class='ocrx_word' id='word_1_263' title='bbox 468 3574 585 3661; x_wconf 85' lang='lat' dir='ltr'>aequis</span> <span class='ocrx_word' id='word_1_264' title='bbox 606 3574 790 3642; x_wconf 83' lang='lat' dir='ltr'>intervallis</span> <span class='ocrx_word' id='word_1_265' title='bbox 811 3576 899 3641; x_wconf 91' lang='lat' dir='ltr'>inter</span> <span class='ocrx_word' id='word_1_266' title='bbox 920 3594 957 3640; x_wconf 87' lang='lat' dir='ltr'>se</span> <span class='ocrx_word' id='word_1_267' title='bbox 980 3570 1177 3638; x_wconf 84' lang='lat' dir='ltr'>distantibus</span> <span class='ocrx_word' id='word_1_268' title='bbox 1199 3572 1469 3656; x_wconf 89' lang='lat' dir='ltr'>inoludebantur,</span> <span class='ocrx_word' id='word_1_269' title='bbox 1496 3575 1544 3641; x_wconf 89' lang='lat' dir='ltr'>ita</span> <span class='ocrx_word' id='word_1_270' title='bbox 1565 3582 1601 3641; x_wconf 94' lang='lat' dir='ltr'>ut</span> <span class='ocrx_word' id='word_1_271' title='bbox 1623 3575 1783 3642; x_wconf 85' lang='lat' dir='ltr'>tinearum</span> <span class='ocrx_word' id='word_1_272' title='bbox 1806 3577 1956 3642; x_wconf 86' lang='lat' dir='ltr'>diaoriti-</span> 
     </span>
     <span class='ocr_line' id='line_1_28' title="bbox 347 3678 1957 3782; baseline -0.001 -28"><span class='ocrx_word' id='word_1_273' title='bbox 347 3706 459 3754; x_wconf 86' lang='lat' dir='ltr'>earnm</span> <span class='ocrx_word' id='word_1_274' title='bbox 482 3693 518 3751; x_wconf 90' lang='lat' dir='ltr'>et</span> <span class='ocrx_word' id='word_1_275' title='bbox 538 3683 708 3772; x_wconf 87' lang='lat' dir='ltr'>iongitudo</span> <span class='ocrx_word' id='word_1_276' title='bbox 731 3694 766 3752; x_wconf 86' lang='lat' dir='ltr'>ot</span> <span class='ocrx_word' id='word_1_277' title='bbox 786 3685 926 3752; x_wconf 86' lang='lat' dir='ltr'>altitudo</span> <span class='ocrx_word' id='word_1_278' title='bbox 948 3682 1131 3750; x_wconf 85' lang='lat' dir='ltr'>uertissime</span> <span class='ocrx_word' id='word_1_279' title='bbox 1153 3680 1282 3747; x_wconf 85' lang='lat' dir='ltr'>definiri</span> <span class='ocrx_word' id='word_1_280' title='bbox 1303 3692 1453 3768; x_wconf 80' lang='lat' dir='ltr'>possent,</span> <span class='ocrx_word' id='word_1_281' title='bbox 1473 3683 1564 3751; x_wconf 86' lang='lat' dir='ltr'>velut</span> <span class='ocrx_word' id='word_1_282' title='bbox 1584 3685 1705 3751; x_wconf 89' lang='lat' dir='ltr'>iineoia</span> <span class='ocrx_word' id='word_1_283' title='bbox 1734 3702 1756 3746; x_wconf 71' lang='grc' dir='ltr'><em>κ</em></span> <span class='ocrx_word' id='word_1_284' title='bbox 1777 3678 1957 3782; x_wconf 63' lang='lat' dir='ltr'>posita]</span> 
     </span>
     <span class='ocr_line' id='line_1_29' title="bbox 347 3787 1957 3892; baseline -0.007 -29"><span class='ocrx_word' id='word_1_285' title='bbox 347 3797 433 3863; x_wconf 82' lang='lat' dir='ltr'>bono</span> <span class='ocrx_word' id='word_1_286' title='bbox 456 3796 659 3863; x_wconf 88' lang='lat' dir='ltr'>disoernitur</span> <span class='ocrx_word' id='word_1_287' title='bbox 680 3797 721 3863; x_wconf 82' lang='lat' dir='ltr'>ab</span> <span class='ocrx_word' id='word_1_288' title='bbox 745 3823 767 3868; x_wconf 71' lang='lat' dir='ltr'><em>t</em></span> <span class='ocrx_word' id='word_1_289' title='bbox 795 3794 906 3882; x_wconf 83' lang='lat' dir='ltr'>posita</span> <span class='ocrx_word' id='word_1_290' title='bbox 929 3787 983 3891; x_wconf 63' lang='lat' dir='ltr'>J-</span> <span class='ocrx_word' id='word_1_291' title='bbox 1003 3799 1038 3856; x_wconf 86' lang='lat' dir='ltr'>at</span> <span class='ocrx_word' id='word_1_292' title='bbox 1059 3794 1189 3875; x_wconf 76' lang='lat' dir='ltr'>adiecto</span> <span class='ocrx_word' id='word_1_293' title='bbox 1202 3790 1311 3858; x_wconf 82' lang='lat' dir='ltr'>futoro</span> <span class='ocrx_word' id='word_1_294' title='bbox 1340 3806 1363 3852; x_wconf 70' lang='grc' dir='ltr'>κ</span> <span class='ocrx_word' id='word_1_295' title='bbox 1383 3790 1438 3892; x_wconf 64' lang='lat' dir='ltr'>Z</span> <span class='ocrx_word' id='word_1_296' title='bbox 1459 3796 1479 3866; x_wconf 86' lang='grc'>1</span> <span class='ocrx_word' id='word_1_297' title='bbox 1504 3795 1656 3861; x_wconf 71' lang='lat' dir='ltr'>oonfundi</span> <span class='ocrx_word' id='word_1_298' title='bbox 1672 3818 1737 3862; x_wconf 76' lang='lat' dir='ltr'>non</span> <span class='ocrx_word' id='word_1_299' title='bbox 1753 3806 1863 3885; x_wconf 66' lang='lat' dir='ltr'>potest</span> <span class='ocrx_word' id='word_1_300' title='bbox 1877 3820 1957 3864; x_wconf 68' lang='lat' dir='ltr'>cum</span> 
     </span>
     <span class='ocr_line' id='line_1_30' title="bbox 351 3895 1899 4003; baseline 0.004 -31"><span class='ocrx_word' id='word_1_301' title='bbox 351 3898 490 4003; x_wconf 58' lang='lat'>‘2⁴</span> <span class='ocrx_word' id='word_1_302' title='bbox 523 3909 619 3992; x_wconf 72' lang='lat' dir='ltr'>t,et</span> <span class='ocrx_word' id='word_1_303' title='bbox 650 3907 677 3956; x_wconf 75' lang='lat' dir='ltr'><em>t</em></span> <span class='ocrx_word' id='word_1_304' title='bbox 703 3895 1529 4003; x_wconf 54' lang='lat' dir='ltr'>Zt‘veitzttkietszjtgnot.</span> <span class='ocrx_word' id='word_1_305' title='bbox 1570 3906 1899 3981; x_wconf 81' lang='lat' dir='ltr'>vid.tah.ll.2.3.</span> 
     </span>
    </p>

    <p class='ocr_par' dir='ltr' id='par_1_12' title="bbox 348 4020 1958 4334">
     <span class='ocr_line' id='line_1_31' title="bbox 498 4020 1958 4111; baseline 0.004 -19"><span class='ocrx_word' id='word_1_306' title='bbox 498 4022 657 4093; x_wconf 79' lang='lat' dir='ltr'>Getarum</span> <span class='ocrx_word' id='word_1_307' title='bbox 677 4049 733 4093; x_wconf 88' lang='lat' dir='ltr'>res</span> <span class='ocrx_word' id='word_1_308' title='bbox 755 4030 808 4092; x_wconf 86' lang='lat' dir='ltr'>ost</span> <span class='ocrx_word' id='word_1_309' title='bbox 821 4020 1057 4109; x_wconf 81' lang='lat' dir='ltr'>memorabilis,</span> <span class='ocrx_word' id='word_1_310' title='bbox 1079 4021 1192 4088; x_wconf 84' lang='lat' dir='ltr'>titulos</span> <span class='ocrx_word' id='word_1_311' title='bbox 1207 4022 1480 4111; x_wconf 82' lang='lat' dir='ltr'>Persepoiitanos</span> <span class='ocrx_word' id='word_1_312' title='bbox 1495 4022 1601 4091; x_wconf 83' lang='lat' dir='ltr'>literis</span> <span class='ocrx_word' id='word_1_313' title='bbox 1616 4029 1764 4093; x_wconf 90' lang='lat' dir='ltr'>ouneatis</span> <span class='ocrx_word' id='word_1_314' title='bbox 1780 4028 1958 4098; x_wconf 83' lang='lat' dir='ltr'>confectos</span> 
     </span>
     <span class='ocr_line' id='line_1_32' title="bbox 348 4131 1957 4223; baseline 0.004 -21"><span class='ocrx_word' id='word_1_315' title='bbox 348 4136 469 4203; x_wconf 87' lang='lat' dir='ltr'>iisdem</span> <span class='ocrx_word' id='word_1_316' title='bbox 491 4136 619 4203; x_wconf 85' lang='lat' dir='ltr'>duabus</span> <span class='ocrx_word' id='word_1_317' title='bbox 639 4136 738 4203; x_wconf 84' lang='lat' dir='ltr'>lineis</span> <span class='ocrx_word' id='word_1_318' title='bbox 752 4131 898 4200; x_wconf 83' lang='lat' dir='ltr'>inolnsos</span> <span class='ocrx_word' id='word_1_319' title='bbox 912 4152 1074 4219; x_wconf 77' lang='lat' dir='ltr'>apparare</span> <span class='ocrx_word' id='word_1_320' title='bbox 1090 4135 1265 4220; x_wconf 78' lang='lat' dir='ltr'>omnes,⁰&#39;)</span> <span class='ocrx_word' id='word_1_321' title='bbox 1287 4135 1443 4201; x_wconf 88' lang='lat' dir='ltr'>Indorum</span> <span class='ocrx_word' id='word_1_322' title='bbox 1461 4141 1573 4200; x_wconf 89' lang='lat' dir='ltr'>autem</span> <span class='ocrx_word' id='word_1_323' title='bbox 1588 4132 1800 4223; x_wconf 78' lang='lat' dir='ltr'>deandgart</span> <span class='ocrx_word' id='word_1_324' title='bbox 1814 4139 1957 4208; x_wconf 85' lang='lat' dir='ltr'>aiteram</span> 
     </span>
     <span class='ocr_line' id='line_1_33' title="bbox 349 4238 1957 4334; baseline 0.005 -24"><span class='ocrx_word' id='word_1_325' title='bbox 349 4245 471 4311; x_wconf 89' lang='lat' dir='ltr'>iineam</span> <span class='ocrx_word' id='word_1_326' title='bbox 493 4246 697 4334; x_wconf 84' lang='lat' dir='ltr'>superiorem</span> <span class='ocrx_word' id='word_1_327' title='bbox 719 4241 907 4310; x_wconf 89' lang='lat' dir='ltr'>retinuisse.</span> <span class='ocrx_word' id='word_1_328' title='bbox 943 4238 1054 4306; x_wconf 80' lang='lat' dir='ltr'>Etiam</span> <span class='ocrx_word' id='word_1_329' title='bbox 1068 4241 1191 4310; x_wconf 83' lang='lat' dir='ltr'>Graeoi</span> <span class='ocrx_word' id='word_1_330' title='bbox 1213 4245 1300 4311; x_wconf 87' lang='lat' dir='ltr'>tituli</span> <span class='ocrx_word' id='word_1_331' title='bbox 1315 4242 1460 4311; x_wconf 86' lang='lat' dir='ltr'>nonnulii</span> <span class='ocrx_word' id='word_1_332' title='bbox 1477 4251 1592 4310; x_wconf 84' lang='lat' dir='ltr'>extant</span> <span class='ocrx_word' id='word_1_333' title='bbox 1605 4247 1818 4313; x_wconf 80' lang='lat' dir='ltr'>vetustissimi</span> <span class='ocrx_word' id='word_1_334' title='bbox 1834 4251 1957 4318; x_wconf 87' lang='lat' dir='ltr'>iisdem</span> 
     </span>
    </p>
   </div>
   <div class='ocr_carea' id='block_1_4' title="bbox 349 4568 1957 4812">
    <p class='ocr_par' dir='ltr' id='par_1_13' title="bbox 349 4568 1957 4812">
     <span class='ocr_line' id='line_1_34' title="bbox 499 4568 1957 4646; baseline 0.006 -19"><span class='ocrx_word' id='word_1_335' title='bbox 499 4576 525 4641; x_wconf 78' lang='lat'>⁶)</span> <span class='ocrx_word' id='word_1_336' title='bbox 542 4572 639 4628; x_wconf 84' lang='lat' dir='ltr'>Ranae</span> <span class='ocrx_word' id='word_1_337' title='bbox 656 4575 683 4627; x_wconf 90' lang='lat' dir='ltr'>in</span> <span class='ocrx_word' id='word_1_338' title='bbox 700 4570 755 4626; x_wconf 82' lang='lat' dir='ltr'>tat.</span> <span class='ocrx_word' id='word_1_339' title='bbox 773 4569 809 4623; x_wconf 86' lang='grc' dir='ltr'>ΙΙ.</span> <span class='ocrx_word' id='word_1_340' title='bbox 825 4569 850 4624; x_wconf 78' lang='lat' dir='ltr'>d.</span> <span class='ocrx_word' id='word_1_341' title='bbox 869 4568 998 4637; x_wconf 80' lang='lat' dir='ltr'>redditae,</span> <span class='ocrx_word' id='word_1_342' title='bbox 1022 4587 1129 4641; x_wconf 84' lang='lat' dir='ltr'>quarem</span> <span class='ocrx_word' id='word_1_343' title='bbox 1151 4573 1237 4627; x_wconf 81' lang='lat' dir='ltr'>tineae</span> <span class='ocrx_word' id='word_1_344' title='bbox 1260 4574 1413 4630; x_wconf 83' lang='lat' dir='ltr'>diaeririeae</span> <span class='ocrx_word' id='word_1_345' title='bbox 1431 4574 1532 4626; x_wconf 86' lang='lat' dir='ltr'>termas</span> <span class='ocrx_word' id='word_1_346' title='bbox 1551 4583 1678 4626; x_wconf 83' lang='lat' dir='ltr'>onneatas</span> <span class='ocrx_word' id='word_1_347' title='bbox 1696 4581 1838 4646; x_wconf 81' lang='lat' dir='ltr'>praetant,</span> <span class='ocrx_word' id='word_1_348' title='bbox 1862 4584 1889 4636; x_wconf 89' lang='lat' dir='ltr'>in</span> <span class='ocrx_word' id='word_1_349' title='bbox 1908 4599 1957 4636; x_wconf 89' lang='lat' dir='ltr'>an·</span> 
     </span>
     <span class='ocr_line' id='line_1_35' title="bbox 349 4650 1956 4728; baseline 0.003 -13"><span class='ocrx_word' id='word_1_350' title='bbox 349 4659 413 4715; x_wconf 79' lang='lat' dir='ltr'>suto</span> <span class='ocrx_word' id='word_1_351' title='bbox 430 4659 521 4713; x_wconf 83' lang='lat' dir='ltr'>terreo</span> <span class='ocrx_word' id='word_1_352' title='bbox 539 4657 708 4728; x_wconf 73' lang='lat' dir='ltr'>reperiuntur</span> <span class='ocrx_word' id='word_1_353' title='bbox 724 4653 809 4709; x_wconf 72' lang='lat' dir='ltr'>auxo</span> <span class='ocrx_word' id='word_1_354' title='bbox 826 4651 860 4705; x_wconf 83' lang='lat' dir='ltr'>ad</span> <span class='ocrx_word' id='word_1_355' title='bbox 875 4650 982 4720; x_wconf 58' lang='lat' dir='ltr'>hunam</span> <span class='ocrx_word' id='word_1_356' title='bbox 998 4655 1072 4709; x_wconf 85' lang='lat' dir='ltr'>aedis</span> <span class='ocrx_word' id='word_1_357' title='bbox 1088 4671 1183 4711; x_wconf 79' lang='lat' dir='ltr'>sacrae</span> <span class='ocrx_word' id='word_1_358' title='bbox 1200 4658 1225 4711; x_wconf 90' lang='lat' dir='ltr'>in</span> <span class='ocrx_word' id='word_1_359' title='bbox 1243 4656 1402 4728; x_wconf 78' lang='lat' dir='ltr'>fletringiae</span> <span class='ocrx_word' id='word_1_360' title='bbox 1420 4659 1490 4722; x_wconf 79' lang='lat' dir='ltr'>sion,</span> <span class='ocrx_word' id='word_1_361' title='bbox 1509 4657 1550 4710; x_wconf 89' lang='lat' dir='ltr'>oni</span> <span class='ocrx_word' id='word_1_362' title='bbox 1567 4673 1662 4712; x_wconf 86' lang='lat' dir='ltr'>nomen</span> <span class='ocrx_word' id='word_1_363' title='bbox 1681 4674 1722 4714; x_wconf 83' lang='lat' dir='ltr'>ert</span> <span class='ocrx_word' id='word_1_364' title='bbox 1737 4661 1835 4718; x_wconf 81' lang='lat' dir='ltr'>Forsa.</span> <span class='ocrx_word' id='word_1_365' title='bbox 1877 4665 1956 4720; x_wconf 80' lang='lat' dir='ltr'>Titu-</span> 
     </span>
     <span class='ocr_line' id='line_1_36' title="bbox 349 4734 1144 4812; baseline -0.001 -16"><span class='ocrx_word' id='word_1_366' title='bbox 349 4742 392 4797; x_wconf 85' lang='lat' dir='ltr'>im</span> <span class='ocrx_word' id='word_1_367' title='bbox 409 4741 469 4812; x_wconf 80' lang='lat' dir='ltr'>ipse</span> <span class='ocrx_word' id='word_1_368' title='bbox 487 4758 523 4797; x_wconf 85' lang='lat' dir='ltr'>ox</span> <span class='ocrx_word' id='word_1_369' title='bbox 538 4740 665 4796; x_wconf 83' lang='lat' dir='ltr'>versibus</span> <span class='ocrx_word' id='word_1_370' title='bbox 683 4735 841 4807; x_wconf 78' lang='lat' dir='ltr'>quibusdam</span> <span class='ocrx_word' id='word_1_371' title='bbox 857 4734 1014 4805; x_wconf 73' lang='lat' dir='ltr'>rhythmicis</span> <span class='ocrx_word' id='word_1_372' title='bbox 1031 4752 1144 4795; x_wconf 81' lang='lat' dir='ltr'>onustat.</span> 
     </span>
    </p>
   </div>
   <div class='ocr_carea' id='block_1_5' title="bbox 484 4835 1957 4913">
    <p class='ocr_par' dir='ltr' id='par_1_14' title="bbox 484 4835 1957 4913">
     <span class='ocr_line' id='line_1_37' title="bbox 484 4835 1957 4913; baseline 0.004 -15"><span class='ocrx_word' id='word_1_373' title='bbox 484 4844 523 4909; x_wconf 82' lang='grc'>··)</span> <span class='ocrx_word' id='word_1_374' title='bbox 540 4841 602 4896; x_wconf 78' lang='lat' dir='ltr'>vio.</span> <span class='ocrx_word' id='word_1_375' title='bbox 618 4838 729 4893; x_wconf 80' lang='lat' dir='ltr'>Journal</span> <span class='ocrx_word' id='word_1_376' title='bbox 748 4835 842 4891; x_wconf 84' lang='lat' dir='ltr'>ottho</span> <span class='ocrx_word' id='word_1_377' title='bbox 859 4836 962 4893; x_wconf 77' lang='lat' dir='ltr'>Asiatio</span> <span class='ocrx_word' id='word_1_378' title='bbox 975 4836 1089 4910; x_wconf 79' lang='lat' dir='ltr'>society</span> <span class='ocrx_word' id='word_1_379' title='bbox 1106 4842 1160 4896; x_wconf 79' lang='lat' dir='ltr'>roi.</span> <span class='ocrx_word' id='word_1_380' title='bbox 1171 4843 1206 4910; x_wconf 81' lang='lat' dir='ltr'>X,</span> <span class='ocrx_word' id='word_1_381' title='bbox 1225 4843 1269 4897; x_wconf 89' lang='lat' dir='ltr'>ubi</span> <span class='ocrx_word' id='word_1_382' title='bbox 1287 4845 1408 4913; x_wconf 80' lang='lat' dir='ltr'>reperies</span> <span class='ocrx_word' id='word_1_383' title='bbox 1426 4841 1516 4896; x_wconf 80' lang='lat' dir='ltr'>titulos</span> <span class='ocrx_word' id='word_1_384' title='bbox 1533 4857 1550 4895; x_wconf 82' lang='lat' dir='ltr'>a</span> <span class='ocrx_word' id='word_1_385' title='bbox 1567 4840 1802 4900; x_wconf 80' lang='lat' dir='ltr'>Rawlinsonio</span> <span class='ocrx_word' id='word_1_386' title='bbox 1821 4850 1957 4908; x_wconf 82' lang='lat' dir='ltr'>redditos.</span> 
     </span>
    </p>
   </div>
   <div class='ocr_carea' id='block_1_6' title="bbox 0 0 2316 5924">
    <p class='ocr_par' dir='ltr' id='par_1_15' title="bbox 0 0 2316 5924">
     <span class='ocr_line' id='line_1_38' title="bbox 0 0 2316 5924; baseline 0 0"><span class='ocrx_word' id='word_1_387' title='bbox 0 0 2316 5924; x_wconf 95' lang='lat' dir='ltr'> </span> 
     </span>
    </p>
   </div>
  </div>
 </body>
</html>
