4620 5926
1669 539 1719 617 25

109 737 166 805 illo
186 734 274 802 libro
295 735 496 822 Parisiansi,
523 736 578 824 qni
605 734 814 802 inscribitur:
858 732 1001 824 voyage
1029 758 1070 806 on
1098 735 1203 803 Perae
1230 738 1272 804 sle
1298 737 1383 808 int
1405 737 1545 826 lingona
1566 737 1718 828 Firmi»,
1841 804 1844 810 .

108 849 256 937 peintra,
282 855 317 914 et
338 847 459 914 Pasool
481 848 599 921 (iusta,
624 846 826 930 aroiitoeta,
857 847 1005 917 annuos
1032 850 1054 912 ta
1079 847 1299 917 l’ambassatla
1327 851 1370 916 de
1391 848 1521 918 Fraaoe
1542 872 1584 916 an
1606 851 1713 920 Persa

107 961 256 1047 pendant
276 959 326 1026 les
348 964 472 1026 anneus
496 959 581 1029 1840
603 964 637 1024 et
660 958 754 1027 1811.
787 956 962 1045 Entrepria
984 981 1046 1047 par
1066 961 1166 1028 ordre
1188 962 1231 1027 ‹lo
1253 959 1300 1028 lt.
1321 959 1355 1028 lo
1370 960 1521 1029 Ministro
1542 964 1603 1037 eles
1624 959 1719 1030 allai-

107 1093 163 1138 ras
184 1071 379 1157 otrangirea
399 1080 463 1138 oet.
505 1069 616 1137 Tamo
636 1067 701 1137 111.
722 1069 789 1137 tab.
812 1071 883 1140 199.
905 1070 950 1140 A.

257 1404 336 1471 Jam
346 1405 459 1474 valera
468 1428 532 1472 nos
538 1405 693 1487 jubentes
703 1411 811 1471 terras
822 1410 959 1474 artano
973 1403 1204 1474 Auramasslao
1213 1405 1391 1492 splendore
1405 1408 1634 1476 ornatissimas
1645 1433 1721 1478 ven·

109 1528 160 1584 tas
182 1538 334 1585 sanamus
357 1526 393 1583 ut
414 1516 589 1602 „Cyllenia
608 1515 744 1604 proles“
766 1514 928 1603 elatisque
950 1516 1073 1603 plantis
1091 1517 1330 1584 transvolemus
1352 1520 1395 1586 ad
1409 1517 1559 1585 nltimam
1574 1519 1720 1590 Thulen.
1738 1533 1742 1536 ’

259 1626 393 1694 Initium
414 1629 502 1695 tituli
523 1627 630 1695 runioi
653 1628 701 1712 (in
721 1628 789 1695 tab.
811 1625 858 1696 ll.
880 1628 938 1713 16)
959 1649 1082 1716 magna
1103 1651 1146 1696 ex
1168 1637 1265 1715 parta
1280 1630 1382 1698 dolati
1397 1631 1642 1718 proposuimus,
1664 1632 1721 1720 qni

109 1764 130 1806 a
152 1744 291 1807 dextera
319 1742 362 1805 ad
384 1740 551 1810 sinistram
574 1741 734 1828 legendus
763 1748 824 1807 est.
884 1739 1002 1807 linoae
1029 1742 1124 1828 ipsae
1152 1741 1296 1828 speeiem
1319 1743 1471 1830 stirpium
1494 1765 1534 1809 ao
1554 1765 1721 1809 ramorum

107 1876 189 1941 prae
212 1875 249 1919 ae
271 1851 392 1937 serunt,
412 1875 546 1940 quaram
569 1851 744 1918 nonnullae
766 1851 855 1919 inter
873 1874 913 1918 se
935 1859 1012 1919 sunt
1032 1852 1170 1940 ligatae,
1190 1854 1247 1943 qui
1270 1855 1402 1939 quidem
1425 1875 1505 1920 usus
1527 1852 1561 1919 in
1578 1854 1721 1922 Graeois

108 1987 236 2055 quoque
247 1964 354 2031 titulis
365 1964 550 2052 obtinens)
571 1964 744 2048 Ejusmodi
754 1984 858 2031 mnae
869 1972 959 2030 sante
978 1963 1016 2038 11
1035 1962 1109 2048 AU,
1131 1965 1168 2041 ὴ
1190 1962 1269 2049 ΟΚ,
1306 1967 1343 2038 it
1362 1963 1442 2049 Ta,
1464 1964 1491 2071 β
1517 1964 1598 2048 un
1620 1967 1721 2034 uisa

107 2076 240 2166 integra
261 2075 423 2144 voeabula
443 2075 507 2140 lsoo
525 2076 624 2141 mollo
646 2081 939 2160 repraesentantur
959 2073 1050 2142 volut
1145 2130 1156 2168 ‚
1179 2073 1200 2138 h
1226 2096 1255 2140 e.
1277 2081 1297 2160 :t
1316 2074 1499 2147 lli‘lik
1520 2072 1719 2145 ohanna.

260 2185 376 2253 Verba
393 2182 482 2250 tituli
504 2184 646 2252 mutilati
669 2184 753 2250 haee
775 2191 868 2251 aunt:

109 2295 324 2366 Hio'ltaks'nn
345 2294 428 2362 rsko·
447 2317 527 2362 nam
548 2296 580 2363 lr.
598 2318 627 2362 o.
649 2293 873 2362 Hillolsindns
893 2315 1032 2382 *rognum
1055 2295 1152 2381 oepit.

196 2407 409 2474 Hiiltaleins
430 2430 576 2494 eompos.
599 2429 642 2474 ox
663 2405 764 2492 hoto,
786 2406 838 2472 ial.
860 2403 1012 2490 hamur,
1036 2405 1209 2492 proelium,
1231 2402 1392 2490 Bellona3
1413 2413 1479 2472 vet.
1501 2426 1605 2490 gorm.
1618 2404 1718 2492 aaa,

309 2518 416 2585 lia'lts'o
429 2522 462 2585 in
477 2519 650 2606 permultis
665 2518 848 2585 nominibus
863 2517 1009 2605 propriis
1025 2538 1203 2583 oeourrens
1216 2515 1308 2582 velut
1322 2515 1516 2599 lliltibrant,
1535 2514 1719 2604 Hilttruda,

310 2631 484 2717 Willihilt,
505 2629 673 2714 Mahtlrilt,
694 2629 861 2713 Mimihilt,
881 2626 1058 2694 Brunihilt.
1109 2627 1229 2694 Altera
1253 2649 1320 2694 vox
1343 2627 1515 2718 compositi
1538 2634 1591 2693 ast
1610 2626 1719 2714 kion,

311 2744 362 2810 isl.
384 2741 472 2830 hyn,
493 2751 559 2810 vet.
580 2764 684 2830 gorm.
706 2739 837 2824 hunni,
858 2761 965 2829 genus
987 2738 1116 2824 (γένος),
1135 2737 1321 2827 genoratio,
1343 2737 1471 2824 prolas;
1497 2738 1610 2827 itaque
1633 2739 1719 2807 11111-

310 2854 427 2925 talsian
450 2851 632 2939 signifieatr
657 2874 700 2923 ax
722 2853 881 2939 proganie
903 2851 1079 2934 Bellonae,
1101 2850 1205 2917 virum
1226 2848 1434 2919 bollieosunr.

262 3078 412 3146 Alterius
431 3075 520 3142 titul
543 3077 587 3161 (a.
606 3075 672 3159 11.)
692 3095 811 3140 vomis
831 3071 953 3160 singuli
975 3092 1040 3160 qua
1054 3072 1184 3139 rationo
1200 3071 1288 3140 ‹lneti
1303 3071 1383 3156 sint,
1409 3073 1584 3159 appodtao
1610 3095 1723 3142 numa

111 3212 222 3257 rarum
244 3198 342 3257 notae
364 3190 520 3257 inclinant.
565 3185 617 3252 lbi
639 3186 796 3273 legimus:

113 3299 235 3367 Allkil:
265 3300 325 3368 uk:
353 3299 481 3387 hlalns:
503 3298 606 3385 slunlt
639 3296 752 3384 [rlilmz
783 3298 864 3363 stin:
893 3295 1001 3367 lanai:
1030 3295 1085 3361 ift:
1113 3316 1226 3360 manae
1257 3293 1323 3361 sin:
1351 3292 1469 3361 friota:
1495 3295 1591 3365 bans:
1619 3296 1722 3383 [alass

314 3408 464 3482 lantirbi:
486 3407 594 3473 kitils:
618 3407 685 3477 bis:
708 3427 847 3472 aurona:

113 3521 146 3588 h.
163 3544 192 3588 e.
215 3518 325 3586 Allltil
352 3527 388 3584 et
413 3520 485 3600 ejus
507 3515 595 3582 filius
621 3515 861 3602 inscripserunt
888 3513 1034 3600 lapidem
1066 3515 1151 3578 huno
1178 3520 1254 3598 post
1280 3511 1317 3595 (1.
1335 3534 1364 3580 e.
1393 3520 1469 3599 post
1500 3519 1655 3598 mortem,
1686 3515 1723 3580 in

264 3629 472 3714 memoriam)
487 3627 632 3713 Monam,
655 3648 748 3692 suum
763 3619 996 3713 propinquum:
1018 3625 1050 3690 is
1064 3631 1137 3691 erat
1151 3622 1280 3690 villious
1295 3622 1413 3706 Kotili,
1433 3621 1524 3688 illius
1538 3624 1722 3695 normanni.

51 3730 53 3733 ⁸
115 3741 250 3832 Atskil
267 3764 412 3830 compos.
436 3763 479 3807 ex
494 3741 588 3825 alsr,
610 3738 766 3824 nympha,
788 3746 823 3804 et
837 3736 905 3823 leil,
927 3734 1036 3821 letali,
1060 3735 1111 3801 isl.
1130 3756 1193 3824 ga,
1211 3735 1305 3825 gali,
1327 3737 1402 3803 dan.
1420 3736 1497 3824 gal,
1518 3736 1609 3821 goth.
1628 3736 1723 3826 gail-

305 3857 389 3937 jon,
405 3850 543 3942 gaudio
566 3847 721 3932 allicere,
741 3847 867 3935 anglos.
886 3848 964 3937 gol,
980 3847 1146 3939 galseyp,
1168 3854 1234 3914 vet.
1258 3868 1362 3933 germ.
1382 3844 1475 3930 lces'l,
1490 3846 1581 3937 guil,
1602 3846 1723 3934 laetus,

316 3963 480 4052 petulans,
502 3958 695 4045 francogall.
712 3960 853 4048 galaat,
874 3959 1003 4045 hispan.
1021 3958 1147 4048 golan,
1167 3958 1254 4044 angl.
1272 3957 1423 4048 galloni.

115 4074 179 4162 ule,
201 4084 245 4161 et,
267 4098 356 4144 aueo.
380 4072 454 4158 och,
476 4075 550 4139 dan.
573 4093 630 4162 og,
649 4078 797 4136 nostrum
819 4067 919 4136 orech.
1004 4139 1010 4143 ,

114 4189 214 4271 niu,
234 4189 265 4257 3.
288 4188 333 4275 pl.
357 4184 447 4272 impl.
470 4183 563 4250 verbi
585 4183 671 4264 rita
693 4181 854 4265 seribere,
876 4181 1002 4268 anglos.
1024 4181 1168 4265 umen,
1190 4179 1278 4267 angl.
1299 4181 1411 4264 write,
1433 4201 1521 4247 suso.
1544 4181 1620 4245 rito
1642 4179 1723 4248 deli·

318 4316 430 4379 neare,
452 4300 599 4359 nostrum
621 4289 762 4375 Abriea,
782 4290 879 4358 Bias.
1552 4285 1555 4295 '

116 4408 201 4494 stin,
224 4406 322 4494 lapis,
344 4404 397 4473 isl.
419 4407 546 4487 stos‘nn,
567 4425 656 4471 suec.
679 4412 767 4485 aton,
789 4403 864 4470 (lan.
879 4412 984 4484 stoan,
1008 4401 1094 4488 angl.
1108 4411 1216 4485 atone,
1238 4399 1470 4487 anglosmus,
1493 4399 1584 4487 goth.
1599 4398 1725 4482 staina,

319 4524 384 4583 vet.
399 4537 502 4603 germ.
524 4515 625 4581 stein.
660 4513 771 4580 Etiam
793 4525 874 4578 etun
897 4520 931 4579 et
948 4513 1040 4578 atain
1063 4513 1098 4579 in
1119 4511 1226 4578 titulis
1246 4510 1370 4577 runioia
1390 4509 1564 4597 reperitur.
1587 4531 1606 4575 ο
1627 4531 1724 4578 voea-

319 4627 362 4694 lis
383 4650 480 4718 quum
501 4626 592 4692 runis
615 4625 712 4708 desit,
733 4625 804 4692 sivo
827 4625 866 4689 ai
889 4625 960 4691 sive
982 4626 999 4689 s'
1019 4625 1179 4692 scribitur.

121 4739 233 4823 borni,
254 4761 349 4827 pron.
372 4740 584 4808 domonstrat.
608 4736 674 4822 hio,
697 4758 786 4806 aueo.
809 4745 843 4803 et
866 4739 940 4804 dan.
962 4736 1087 4816 donum
1108 4735 1160 4803 isl.
1183 4733 1284 4839 pessi.

270 5005 293 5073 'l
313 5003 391 5060 Cani.
408 5003 545 5060 Franaii
563 5002 673 5059 Elemm.
693 5003 779 5075 epigr.
798 5017 838 5075 gr.
858 5021 885 5076 p.
901 5001 961 5061 353.
