4620 5926
31 4221 74 4260 0

30 4270 74 4329 55³

34 4363 69 4428 ft·

32 4506 68 4587 Q

31 4609 71 4657 q.-

29 4662 70 4711 0

30 4725 77 4826 ὃ

698 889 741 940 Ne
759 891 819 958 quis
838 898 971 956 tamquam
989 905 1073 955 parva
1095 891 1215 941 fastidiat
1237 893 1422 956 grammatices
1440 894 1581 959 elementa,
1599 923 1631 932 -
1650 923 1683 933 -
1699 922 1734 936 ·-

630 975 695 1039 quis
711 975 840 1026 interiora
857 977 930 1026 velut
946 976 1014 1026 sacri
1032 977 1110 1041 hujus
1128 977 1287 1028 adeuntibus
1305 978 1445 1042 apparebit
1461 979 1545 1029 multa
1561 996 1651 1031 rerum
1668 983 1732 1033 sub·

629 1060 721 1123 tilitas,
738 1075 807 1126 quae
825 1076 879 1113 nou
896 1062 977 1111 modo
996 1075 1092 1112 seuere
1109 1062 1218 1126 ingenis
1235 1065 1356 1129 puerilia,
1374 1064 1422 1113 sed
1438 1078 1564 1115 exercere
1576 1066 1734 1119 altissimum

630 1161 735 1211 quoque
754 1146 931 1196 eruditionem
949 1161 979 1196 ae
997 1148 1136 1198 scientiam
1155 1149 1247 1214 possit.

1229 1233 1490 1296 QUINTIL.1ustit.
1509 1232 1582 1285 Oret.
1601 1235 1622 1296 1,
1640 1238 1664 1288 4„

905 1841 945 1951 l.

106 2070 198 2214 ‘De
220 2114 388 2185 literarum
411 2118 500 2184 uotis
530 2141 573 2186 ex
599 2121 821 2187 remotissima
850 2123 1044 2209 antiquitate
1074 2125 1117 2189 ad
1145 2145 1206 2189 uos
1233 2121 1389 2210 perlatis,
1416 2144 1500 2210 quse
1528 2122 1562 2188 iu
1589 2121 1734 2209 publicis

123 2229 342 2295 monumentis
363 2252 425 2317 per
446 2230 559 2299 orbem
581 2238 743 2299 terrarum
766 2233 894 2320 sparsis
916 2233 1100 2321 insculptae
1123 2235 1340 2321 inveniuntur,
1361 2257 1484 2324 magua
1503 2236 1627 2301 nostris
1647 2243 1731 2302 tem·

122 2339 259 2426 poribus
281 2342 429 2428 quaestio
453 2350 526 2409 orta
548 2350 610 2410 est.
651 2341 685 2408 ls
704 2344 793 2410 enim
815 2367 912 2432 quum
934 2345 1056 2433 ubique
1078 2347 1112 2411 iu
1133 2345 1271 2434 Europa
1291 2348 1391 2413 ardor
1411 2347 1527 2433 vigent
1547 2353 1582 2412 et
1602 2352 1734 2434 regnet,

123 2451 319 2537 peregrinas
345 2460 454 2520 terres
480 2453 634 2523 visitandi
664 2476 842 2545 earumque
871 2464 907 2524 et
933 2457 1147 2545 antiquitates
1172 2468 1208 2526 et
1235 2459 1430 2525 hodiernum
1460 2465 1580 2523 statum
1609 2477 1732 2542 cuffia-

124 2563 252 2651 sceudi,
276 2571 312 2629 ut
333 2563 413 2631 nihil
433 2565 655 2654 relinquamus
678 2566 848 2654 intactum,
871 2569 932 2635 sed
953 2569 1138 2655 priscarum
1161 2570 1351 2659 opinionum
1371 2567 1598 2636 fundamentis
1621 2567 1730 2635 denuo

123 2674 157 2740 iu
175 2675 339 2760 judicium
359 2677 497 2764 voeatis,
520 2677 599 2767 quid
620 2701 731 2745 verum
755 2678 801 2745 sit
821 2679 900 2768 quid
921 2679 1055 2764 falsum,
1077 2685 1119 2749 ad
1140 2681 1301 2771 liquidum
1323 2682 1507 2770 perducere
1522 2679 1732 2747 studeamus:

122 2808 203 2875 prae
225 2788 346 2855 ceteris
367 2811 493 2855 summo
510 2793 588 2875 jure
611 2812 671 2856 suo
692 2790 785 2857 multi
807 2791 869 2857 viri
893 2791 980 2857 docti
1005 2795 1045 2858 ad
1068 2792 1198 2881 linguas
1214 2801 1347 2861 veteres
1361 2792 1630 2881 perscrutandus,
1651 2813 1733 2878 qua·

122 2919 193 2964 rum
216 2920 259 2965 ex
282 2898 393 2966 iudole
415 2909 449 2967 et
481 2911 600 2968 natura
632 2901 824 2992 populorum
854 2902 1021 2990 ingenium
1049 2903 1192 2971 maxime
1220 2903 1439 2991 perspicitur,
1465 2925 1562 2970 omne
1585 2901 1731 2968 coutrde·

122 3018 198 3075 ruut
219 3010 360 3077 studium
383 3020 417 3079 et
439 3035 460 3077 e
481 3035 564 3079 sono
586 3013 786 3100 singularum
809 3036 927 3080 vocum
949 3017 993 3080 ad
1013 3024 1111 3081 notas
1125 3013 1223 3080 simul
1237 3021 1271 3082 et
1286 3014 1394 3103 sigua,
1407 3015 1525 3103 quibus
1540 3013 1612 3079 soni
1628 3012 1731 3100 signi·

121 3119 216 3187 liceri
239 3121 407 3209 solebant,
435 3134 527 3193 reete
550 3132 586 3193 et
605 3124 749 3213 legenda
770 3134 806 3192 et
827 3125 1044 3213 intelligenda
1064 3149 1140 3194 sese
1162 3127 1310 3194 converti
1332 3125 1425 3212 pessi
1448 3132 1533 3193 suut.
1578 3123 1631 3191 Ae
1652 3146 1731 3211 pro·

122 3233 211 3301 fecto
235 3233 320 3300 haue
340 3235 427 3303 viam
449 3239 504 3326 qui
527 3236 651 3325 iniere,
677 3236 872 3305 felicissimo
894 3237 1075 3304 studiorum
1104 3259 1259 3305 successu
1282 3237 1351 3320 usi,
1374 3239 1446 3319 jam
1465 3257 1554 3303 nuno
1576 3255 1729 3320 magnam

123 3367 214 3436 spem
238 3346 437 3432 excitarunt,
457 3347 531 3414 fore
552 3346 742 3437 aliquando,
767 3358 804 3413 ut
826 3371 912 3437 quae
933 3349 1021 3417 iuter
1040 3349 1284 3417 vetustissimos
1306 3347 1447 3437 populos
1469 3347 1595 3433 scripta
1616 3355 1649 3414 et
1672 3347 1730 3415 de·

121 3455 247 3526 lineata
269 3459 345 3540 siut,
366 3441 480 3526 nostra
500 3456 611 3528 aetate
634 3482 676 3526 ex
698 3458 864 3527 oblivione
886 3482 952 3550 qua
970 3461 1089 3527 obruta
1111 3468 1206 3529 eraut
1227 3483 1385 3528 revocare
1408 3459 1497 3527 etin
1519 3457 1659 3523 historie
1672 3479 1729 3527 ve·

121 3576 227 3636 terum
250 3570 436 3659 indaganda
463 3572 507 3637 ad
534 3570 782 3661 antiquissimos
810 3569 921 3637 fontes
947 3571 1058 3640 redire
1087 3594 1254 3660 queamus.
1301 3570 1374 3645 Quo
1403 3577 1512 3636 autem
1541 3570 1649 3652 major
1677 3576 1729 3636 est

122 3679 173 3747 rei
196 3679 393 3767 difficultas,
422 3704 463 3750 eo
486 3684 599 3770 plures
620 3686 663 3750 ed
687 3685 771 3751 lusce
793 3684 902 3749 studia
924 3683 1068 3751 animum
1091 3685 1264 3752 advertere
1287 3684 1473 3766 debebunt,
1492 3681 1571 3768 quia
1592 3683 1729 3765 coujun-

122 3791 185 3858 ctis
210 3795 435 3860 tautummodo
462 3795 587 3862 viribus
615 3797 655 3862 ad
682 3818 763 3863 veru
789 3795 1023 3882 cognoscenda
1051 3795 1187 3882 propius
1209 3795 1373 3863 accedere
1395 3792 1484 3861 lieet,
1528 3792 1622 3860 luter
1644 3813 1728 3881 quos

122 3924 229 3970 meum
253 3927 316 3990 ego
337 3907 422 3995 quod
442 3928 562 3975 nomen
584 3904 754 3995 profiteor,
776 3908 951 3974 audaciam
971 3907 1171 3973 excusabunt
1190 3905 1346 3988 fortasse,
1367 3905 1424 3995 qui
1439 3911 1564 3993 quante
1577 3903 1612 3969 iu
1625 3904 1729 3971 rebus

125 4016 275 4082 obscuris
296 4016 330 4083 iu
350 4016 459 4085 lucem
480 4018 677 4086 revoosudis
700 4019 801 4085 animi
823 4019 1001 4087 delectatio
1023 4018 1209 4104 reperiatur
1229 4017 1457 4085 memiueruut.

143 4108 146 4117 ⁴
272 4125 336 4194 Est
356 4137 466 4197 eutem
489 4129 610 4219 duplex
638 4129 799 4216 imprimis
819 4131 963 4197 virorum
985 4132 1153 4196 doetomm
1174 4131 1216 4197 de
1243 4128 1373 4214 origiue
1402 4127 1570 4194 literarum
1599 4148 1726 4193 aarum·

124 4262 187 4328 que
209 4239 301 4306 fonte
324 4242 552 4332 antiquissimo
573 4241 747 4311 sententie.
788 4241 858 4308 Alii
885 4241 973 4308 euim
1001 4241 1183 4307 nominibus
1211 4239 1418 4329 potissimam
1443 4236 1612 4305 literarum
1635 4238 1732 4305 ducti

125 4353 165 4416 ad
189 4350 429 4436 Aegyptiorum
462 4352 559 4437 sigua
589 4353 840 4440 hieroglyphice
868 4360 1084 4439 provocarunt
1117 4351 1330 4439 singulasque
1355 4357 1451 4416 notus
1479 4370 1522 4417 ex
1546 4348 1600 4415 lris
1626 4358 1660 4416 et
1682 4351 1727 4417 si·

123 4462 258 4529 milibus
285 4462 462 4549 figurarum
489 4465 697 4530 lineamentis
725 4473 862 4531 exortus
896 4487 972 4532 esse
1006 4471 1219 4546 censueruut3
1252 4462 1310 4529 elii
1343 4467 1459 4528 contra
1490 4460 1727 4528 vetustissimis

123 4573 293 4640 literarum
315 4573 431 4643 formis
446 4586 480 4643 et
494 4578 593 4642 ductu
614 4575 816 4642 collustrutis
839 4585 872 4644 et
887 4577 1139 4644 accuratissime
1153 4573 1325 4661 perpensis
1339 4572 1474 4639 diense
1488 4571 1629 4660 pupulos
1643 4571 1726 4639 istus

124 4685 158 4750 iu
180 4686 346 4752 scribendi
368 4694 440 4753 arte
460 4709 517 4754 res
538 4708 616 4752 suns
637 4708 703 4753 nou
723 4688 899 4774 repetisse,
920 4686 978 4754 sed
1001 4708 1095 4753 soum
1117 4688 1262 4773 ipsorum
1277 4684 1444 4772 ingenium
1460 4690 1592 4749 secutos
1605 4702 1725 4749 nesam

125 4817 184 4882 per
205 4820 244 4865 se
265 4797 427 4864 rationem
451 4797 617 4866 iuvenisse
640 4797 886 4866 intellexcmut.
938 4797 1065 4865 Harum
1088 4797 1327 4867 sententiarum
1350 4794 1456 4862 alters
1477 4816 1584 4883 usque
1605 4795 1648 4860 ad
1669 4816 1727 4892 uo:

126 4911 226 4974 stram
247 4909 437 4977 memorium
460 4931 482 4974 a
495 4909 644 4996 plurimis
667 4910 773 4996 iisque
795 4918 829 4977 et
845 4909 1048 4976 doctissimis
1070 4918 1105 4977 et
1126 4907 1399 4997 ingeniosissimis
1413 4906 1495 4974 viris
1508 4904 1727 4995 prouuuoista

1487 5029 1526 5096 ¹.
