4620 5926
345 396 394 476 111

346 600 412 666 nee
433 595 520 665 enm
541 594 648 663 mee
670 597 801 678 enam
823 614 934 663 mere
955 593 1097 662 rinae·
1119 575 1310 664 amaneu
1330 605 1584 683 „prmius
1604 605 1772 666 ettamen
1791 594 1951 663 resinae

347 706 501 794 ὅμοιοὶ
520 708 706 794 pessunt.⁰)
737 705 792 774 01.
814 726 847 792 p.
872 704 923 776 11.
946 706 1158 774 et·vid..tab.
1179 705 1225 774 11.
1246 729 1279 774 n.
1300 708 1331 776 b.
1354 715 1389 777 at
1409 708 1439 779 5.

497 816 565 908 lpei
591 838 746 884 runernrn
767 815 874 901 tituli,
897 838 1034 904 querum
1061 837 1202 904 magnus
1230 825 1325 887 extet
1344 821 1567 906 numerus”),
1592 822 1626 888 in
1656 841 1743 889 saxa
1759 841 1802 887 ac
1822 818 1953 905 lepidae

347 928 530 1016 nehem)
557 929 647 996 inter
667 928 751 993 dnae
771 927 877 994 bnans
899 928 1015 1014 aequis
1035 927 1219 996 intervallis
1241 929 1329 996 inter
1349 952 1388 998 se
1409 929 1587 1016 distantes,
1613 931 1772 1020 imprimis
1799 931 1832 996 in
1859 938 1954 997 vetn-

348 1042 508 1110 stinsibns
526 1039 759 1120 monumentis,
780 1038 1036 1128 conspiciuntur,
1057 1061 1143 1126 quae
1158 1039 1289 1127 quidem
1302 1038 1413 1107 lineae
1433 1063 1511 1109 raro
1533 1050 1610 1109 sunt
1628 1050 1754 1127 rectae,
1774 1043 1836 1110 sed
1849 1040 1954 1109 variis

347 1153 456 1221 medis
481 1155 517 1218 in
538 1157 645 1218 semet
665 1151 758 1238 ipsas
777 1150 984 1237 implicatae,
1011 1150 1147 1238 saepius
1174 1151 1209 1216 in
1236 1150 1343 1217 altera
1370 1158 1466 1239 parte
1493 1161 1644 1221 exnnma
1670 1153 1781 1240 eapite
1809 1152 1954 1240 quodam

350 1270 498 1343 ornatae,
520 1263 553 1327 in
577 1262 683 1328 altera
703 1263 738 1328 in
761 1261 888 1329 caudae
909 1259 1051 1328 iermnm
1072 1261 1262 1330 desinentes
1283 1261 1337 1330 vel
1352 1262 1486 1349 species
1501 1263 1680 1335 &nannum
1693 1263 1748 1332 vel
1763 1263 1848 1330 alias
1864 1265 1956 1345 ejus·

346 1373 436 1440 medi
458 1371 583 1439 formas
603 1373 766 1459 praebent
788 1371 865 1456 (vid.
876 1371 944 1438 tab.
966 1371 1008 1441 ll.
1030 1393 1062 1440 n.
1087 1371 1164 1457 13.).
1192 1371 1265 1440 llas
1279 1370 1439 1441 flexiones
1455 1372 1653 1442 artificiosas
1668 1376 1832 1462 scriptura
1853 1395 1956 1462 quum

348 1485 443 1572 ecqui
467 1484 605 1551 deberet
627 1505 713 1550 nnnc
733 1504 865 1551 sursum
885 1503 974 1551 nune
996 1484 1149 1552 deorsum
1164 1506 1202 1553 se
1217 1481 1403 1571 inflectens,
1422 1492 1534 1555 tamen
1548 1484 1666 1555 literae
1682 1485 1749 1552 alia
1761 1494 1838 1575 post
1852 1485 1957 1550 aliam

346 1593 532 1682 insculptae
555 1618 577 1661 a
596 1595 734 1661 sinistra
754 1593 827 1661 fere
850 1593 892 1659 ad
915 1595 1088 1661 dexteram
1109 1594 1272 1681 leguntur.
1317 1593 1388 1663 Sed
1409 1617 1508 1685 quum
1530 1619 1572 1664 ea
1592 1597 1733 1682 ratione,
1756 1619 1820 1684 qua
1841 1595 1956 1661 lineae

346 1706 540 1773 diacriticae
568 1705 603 1771 in
630 1686 772 1777 fulcrum
798 1712 955 1792 vergunt,
984 1703 1135 1793 singulae
1162 1726 1265 1772 rnnae
1289 1706 1537 1775 accuratissime
1560 1708 1797 1791 discernantur,
1819 1714 1955 1774 veteres

345 1817 525 1884 Ncrmanni
535 1839 601 1882 non
613 1813 888 1904 sempcreflicere
899 1815 1086 1902 studebant,
1096 1823 1132 1882 nt
1142 1815 1260 1885 literae
1272 1812 1366 1903 ipsae
1376 1824 1498 1884 stabim
1508 1840 1602 1885 suum
1614 1826 1758 1885 erectum
1770 1824 1957 1899 servarent,

346 1931 406 1996 sed
428 1951 487 1995 ens
517 1928 669 1994 modain
698 1927 835 1993 alteram
862 1934 989 2013 partem
1018 1927 1241 2013 invertebant,
1269 1926 1318 1993 ita
1342 1936 1379 1993 nt
1405 1950 1496 2000 ruore
1518 1927 1679 1998 Semiticn
1701 1929 1862 2016 legendae
1885 1928 1956 1993 sint

346 2040 426 2126 (vid.
447 2040 514 2105 tab.
537 2037 584 2106 11.
612 2060 644 2106 n.
674 2036 752 2124 in),
772 2039 870 2103 mode
891 2037 1054 2124 capitibus
1075 2058 1198 2124 pronas
1220 2039 1254 2104 in
1275 2036 1399 2104 lineam
1420 2037 1611 2107 inferiorem
1633 2040 1832 2122 statuebant,
1854 2040 1957 2104 medo

347 2151 449 2218 etiarn
486 2149 646 2235 inversas.
706 2146 853 2214 Primum
893 2160 998 2234 genus
1043 2148 1228 2236 appellatur
1266 2147 1584 2218 Vende-Runnr
1621 2151 1737 2234 (runae
1775 2149 1957 2234 inversae),

346 2281 432 2349 quae
461 2259 599 2346 speculo
627 2259 780 2326 redditae
806 2265 970 2345 apparent
995 2267 1161 2346 tamquam
1182 2261 1282 2327 tritae
1305 2269 1357 2343 et,
1381 2279 1479 2346 qunm
1507 2261 1542 2326 in
1568 2262 1736 2348 campanis
1763 2260 1816 2327 vel
1841 2269 1957 2326 toreu-

345 2370 446 2439 matis
473 2376 667 2456 occnrrunt,
696 2371 729 2436 in
752 2370 904 2457 protypi·
931 2379 1024 2437 recte
1053 2378 1148 2437 erant
1175 2369 1372 2457 insculptae.
1415 2369 1498 2455 Ejus
1526 2372 1659 2457 generis
1685 2392 1786 2437 runae
1814 2378 1891 2437 sunt
1922 2371 1956 2436 in

344 2482 516 2549 notissimo
538 2482 711 2549 bracteatn
733 2504 854 2564 aureo,
880 2480 937 2570 qni
959 2481 993 2561 in
1014 2504 1127 2549 museo
1150 2479 1338 2548 Helmienai
1361 2481 1532 2568 depositus
1558 2488 1619 2549 est
1662 2480 1779 2547 Runue
1801 2482 1957 2547 inversae

347 2593 496 2681 speciem
517 2593 679 2679 praebent
699 2593 734 2658 in
755 2592 822 2659 tab.
845 2590 892 2659 ll.
914 2615 945 2660 n.
971 2590 1021 2660 10.
1045 2591 1253 2681 descriptam.

496 2701 573 2769 Hac
593 2724 748 2769 ranarum
769 2701 879 2771 forma
899 2703 934 2769 in
955 2695 1121 2789 lapidibus
1141 2700 1303 2770 vocabula
1316 2700 1369 2768 vel
1383 2700 1580 2785 sententiae,
1594 2700 1712 2788 quibus
1726 2703 1775 2768 vis
1791 2705 1957 2791 quaedam

346 2819 456 2900 major
476 2814 690 2895 tribueretur,
711 2810 996 2900 significabantur,
1016 2819 1052 2877 nt
1073 2811 1197 2878 nostris
1224 2810 1332 2878 literis
1358 2811 1563 2878 tennioribus
1593 2820 1626 2877 et
1650 2812 1793 2897 paullum
1815 2813 1956 2880 inclina-

344 2926 401 3007 tis,
423 2946 508 3014 qnae
530 2924 651 2991 dicitnr
671 2924 838 3013 scriptura
854 2918 995 2990 'sursise

499 3028 1955 3121 Altemmremmmgerus(Scap-Item)incepitibmstmumrumenmid.ubilan.

499 3144 654 3212 Tertiam
674 3167 781 3232 genus
801 3151 855 3210 est
874 3164 1030 3210 mmarnnr
1058 3152 1092 3210 et
1112 3143 1315 3210 inversarnm
1341 3149 1377 3207 et
1398 3141 1432 3205 in
1454 3140 1617 3224 capitibus
1638 3151 1832 3213 statutarum
1853 3145 1956 3231 (Stre-

345 3256 440 3345 pede
467 3254 762 3341 Vardo-aseer),
783 3276 867 3345 qaus
889 3252 1002 3320 tabula
1021 3251 1069 3318 ll.
1089 3275 1121 3320 n.
1145 3255 1197 3321 12.
1219 3257 1460 3337 repraesentat.

500 3364 644 3454 Triplex
664 3365 751 3432 baec
770 3386 926 3431 ranarum
946 3361 1089 3429 inversio
1111 3363 1146 3428 in
1167 3361 1384 3428 monumentis
1405 3381 1582 3428 occurrens
1603 3383 1646 3428 ea
1665 3365 1708 3429 de
1723 3387 1824 3432 causa
1838 3376 1956 3434 notatu

349 3477 452 3564 digna
471 3482 541 3561 ast,
563 3476 640 3563 quia
667 3475 753 3542 baec
782 3476 900 3541 eadem
926 3472 961 3538 in
981 3470 1119 3558 singulis
1139 3471 1249 3538 literis
1270 3470 1473 3535 diversorum
1494 3469 1686 3555 popularum
1709 3495 1752 3541 ex
1773 3477 1956 3564 alphabeto

350 3585 553 3654 semitarum
578 3585 729 3673 principe
757 3583 885 3652 exertis
913 3580 1076 3649 invenitur
1103 3581 1161 3666 (cl.
1182 3581 1251 3647 tab.
1274 3578 1337 3663 1.),
1361 3578 1396 3643 id
1418 3579 1505 3664 quon
1525 3581 1595 3661 jam
1617 3579 1831 3674 praesepem
1857 3587 1957 3672 vidit,

502 3875 528 3942 ⁶)
546 3872 625 3929 cerr.
642 3870 821 3940 Liljegren
843 3871 859 3922 1.
874 3879 901 3922 ὀ.
919 3887 946 3940 p.
962 3866 1005 3923 29.

490 3959 528 4024 ”J
545 3955 782 4026 Liljegrenins
799 3950 1039 4020 (Rau-Urkunder.
1056 3950 1171 4018 Aitryck
1189 3949 1233 4002 i‘dr
1250 3947 1533 4017 lina-Farslrningena
1551 3951 1666 4008 Vinner.
1688 3955 1845 4011 Sicclrbelm
1865 3959 1956 4027 1833.)

351 4057 380 4114 p.
396 4041 458 4099 wi.
476 4057 526 4095 ees
544 4039 655 4095 ettleere
672 4039 711 4092 ait
726 4037 803 4104 nott,
821 4051 931 4104 qnorum
948 4032 1053 4098 multae
1071 4046 1150 4101 cem
1166 4031 1192 4085 in
1210 4030 1326 4086 Scandia
1342 4048 1530 4100 contererer,
1546 4037 1607 4106 ipae
1624 4037 1687 4092 vidi.

476 4124 529 4190 ω·)
547 4122 691 4194 Propriam
706 4121 919 4176 limentur
936 4116 1093 4171 reeebnlen
1111 4117 1262 4180 enceinte,
1280 4115 1404 4171 scindere
1420 4116 1553 4184 (misero,
1571 4118 1648 4187 cuine
1665 4120 1742 4176 radix
1759 4127 1874 4181 ensium
1893 4129 1958 4181 mir.

352 4209 427 4281 plan
445 4207 639 4263 (dammam
654 4203 804 4260 earenrnnia
821 4198 1022 4257 cremanda·
1031 4200 1165 4253 renonem
1182 4199 1346 4270 exprimam,
1363 4207 1392 4254 ut
1410 4208 1463 4254 vet.
1475 4198 1566 4256 Germ.
1576 4201 1674 4269 dane,
1685 4208 1818 4274 scindere,
1829 4211 1956 4266 scribere

351 4294 403 4361 (ai.
421 4290 551 4346 arsitii
567 4288 656 4345 nese.
671 4289 709 4349 11.
724 4305 753 4359 p.
767 4287 828 4345 557·
843 4287 946 4354 anam),
967 4290 1021 4337 vet·
1044 4283 1110 4336 Sex.
1127 4293 1154 4338 et
1171 4283 1320 4352 Anglcanx.
1336 4283 1450 4339 inritare
1471 4285 1595 4340 scindere
1617 4286 1701 4356 (lltlJ'.
1720 4290 1782 4358 171,
1801 4294 1843 4348 17.
1863 4293 1957 4350 Bene.

351 4375 460 4442 uod),
477 4374 611 4439 aeribus,
628 4384 684 4428 vet.
700 4371 774 4425 Fris.
789 4367 895 4432 write,
913 4379 968 4423 vet.
982 4373 1110 4437 sepsere.
1125 4364 1202 4432 etta,
1226 4378 1346 4422 neumas
1361 4369 1489 4435 niem,
1505 4368 1706 4439 (manase),
1726 4374 1814 4442 81ης
1836 4378 1957 4435 (iether,

351 4461 443 4524 erite,
459 4461 559 4532 speie,
576 4467 631 4512 set.
646 4457 742 4512 tien.
757 4454 813 4517 ris,
831 4462 885 4505 vet.
902 4460 1030 4522 septentr.
1044 4450 1097 4515 n't,
1113 4450 1255 4523 scriptura,
1270 4464 1351 4521 apex,
1368 4453 1433 4520 icta,
1450 4465 1521 4519 eata,
1534 4454 1683 4521 character,
1694 4458 1800 4528 subus,
1816 4461 1886 4514 risa
1898 4474 1956 4518 vet.

353 4543 451 4600 em.
466 4540 596 4607 cireiene‚
616 4541 694 4604 reeb,
714 4538 799 4592 rm
815 4535 900 4598 linea,
918 4541 993 4587 ncta.
1027 4530 1225 4589 Posterieribne
1253 4534 1359 4589 demens
1380 4536 1545 4606 temporibus
1562 4549 1591 4590 et
1606 4536 1751 4604 Nermanni
1768 4553 1797 4596 et
1812 4542 1955 4613 Germani,

352 4642 417 4682 cnm
435 4624 529 4678 salui
546 4631 575 4680 et
589 4621 731 4680 memmei
748 4625 825 4673 naun
839 4633 859 4671 a
874 4615 1002 4672 amnt·
1019 4614 1181 4684 didicissent,
1197 4617 1293 4673 baram
1309 4619 1467 4673 vocabalum
1485 4620 1613 4675 stridere
1628 4623 1662 4675 nb
1679 4624 1733 4678 illie
1750 4639 1956 4699 neureneptum

353 4717 411 4765 eat:
431 4723 483 4764 aas
498 4706 657 4772 aelrdbnr,
675 4704 758 4760 Sneei
773 4698 896 4769 abrisen,
917 4699 988 4754 lieni
1003 4697 1105 4765 reme,
1127 4699 1224 4756 Batavi
1240 4701 1395 4771 rabaam
1416 4701 1470 4756 eali
1486 4700 1603 4758 Britanni
1620 4705 1783 4764 retinuerunt
1801 4721 1956 4772 vetustum:

352 4798 384 4850 to
402 4793 499 4847 emite.
533 4791 619 4848 Etiam
636 4789 763 4843 Indcrnm
779 4774 859 4862 Q
868 4781 927 4836 titt
944 4782 1053 4854 proprie
1068 4793 1113 4840 eat
1126 4786 1241 4852 radere,
1257 4785 1396 4853 temnere,
1414 4785 1508 4841 deinde
1525 4787 1659 4844 aer-idere.
