4620 5926
1911 436 1961 519 ss

356 633 411 720 qui
433 630 680 720 antiquissimas
702 629 905 696 Graeooruiu
927 629 1099 703 literarum
1119 627 1247 698 domas
1268 629 1353 699 nibil
1372 630 1463 698 uliud
1484 655 1558 700 esse
1580 635 1644 701 nisi
1668 633 1825 704 Indorum
1846 635 1963 704 literas

356 767 485 811 sursum
507 746 663 811 deorsum
684 749 835 809 versutus
856 742 1015 827 denuit.⁸)
1063 740 1230 813 Divinavit
1253 742 1360 831 igitur
1384 742 1435 811 vir
1456 742 1738 830 ingeniosissimus
1759 768 1962 815 communem

353 854 525 922 literarum
552 862 587 922 et
608 852 813 931 (iraeoarum
838 861 875 921 ot
892 851 1084 924 lndioarum
1110 853 1274 942 originem
1299 876 1408 943 neque
1434 875 1514 923 vero
1544 856 1669 924 invenit
1694 866 1832 925 matrem
1854 856 1962 926 Semi-

353 968 473 1050 tioum,
502 967 595 1048 oujus
624 968 699 1032 o'um
726 964 961 1032 vetustissimis
988 965 1143 1033 ludorum
1170 965 1279 1034 literis
1306 965 1538 1056 cognationem
1574 969 1697 1055 optime
1725 969 1962 1037 demonstravit

355 1079 411 1147 A:
424 1077 622 1144 Weberus
644 1076 678 1145 in
693 1075 982 1160 commentatione,
1002 1098 1087 1164 quae
1103 1075 1309 1147 inscribiturs
1345 1074 1459 1145 Ueber
1475 1078 1539 1145 den
1555 1077 1774 1147 Semitisohen
1788 1077 1964 1169 Ursprung

354 1190 414 1256 des
437 1186 616 1255 ludisoben
638 1185 827 1279 Alpbubets
849 1185 928 1274 (vid.
951 1189 1024 1270 ejus
1045 1187 1225 1274 „ludisobe
1247 1186 1414 1256 sunem
1435 1212 1467 1278 p.
1491 1188 1590 1276 125).

503 1296 621 1367 Fauile
642 1298 745 1387 igitur
768 1306 820 1367 est
840 1297 1023 1383 iutelleotu,
1044 1321 1149 1388 neque
1172 1300 1320 1368 inversas
1341 1300 1510 1368 literarum
1528 1298 1654 1367 formas
1668 1323 1775 1390 neque
1789 1301 1964 1387 rationem,

355 1435 419 1502 qna
440 1433 557 1479 versus
580 1412 670 1477 duoti
692 1409 758 1476 sint
778 1407 833 1477 vel
855 1431 877 1475 u
899 1411 1018 1478 dextra
1038 1410 1092 1478 vel
1114 1433 1136 1476 a
1157 1410 1295 1478 sinistra
1316 1410 1524 1499 inoipientes,
1545 1412 1643 1478 ullius
1665 1433 1741 1480 esse
1760 1413 1916 1480 momenti
1930 1413 1963 1480 in

355 1523 566 1608 dijudicanda
587 1520 771 1608 soriptnrae
793 1518 877 1586 alius
900 1522 1096 1607 cognatione
1118 1543 1192 1589 oum
1213 1521 1293 1610 alia,
1314 1543 1411 1611 quum
1426 1523 1569 1593 omnium
1586 1520 1660 1590 lere
1673 1523 1869 1610 populorum
1891 1546 1964 1591 mos

353 1634 598 1702 vetustissimus
619 1630 724 1699 fuerit
744 1654 766 1700 a
788 1632 929 1701 dextera
950 1630 1117 1700 scribendi
1139 1635 1184 1700 ad
1204 1634 1383 1718 sinistrum,
1403 1643 1440 1701 ut
1460 1632 1964 1724 Etmsoorum,(lraeoorum,”)

349 1745 520 1831 ludorum,
540 1765 676 1832 qnorum
698 1742 816 1813 literae
837 1755 955 1833 postea
976 1741 1119 1813 frontem
1133 1744 1336 1813 inverterunt
1353 1744 1528 1837 plurimae,
1547 1743 1724 1813 nonnullae
1737 1754 1848 1815 tumen
1862 1749 1963 1835 perti·

351 1857 502 1924 neciores
536 1854 703 1943 antiquum
734 1876 860 1922 morem
893 1854 1120 1941 obtinuerunt,
1151 1856 1246 1940 eujus
1280 1855 1414 1946 generis
1441 1854 1596 1925 Indorum
1621 1855 1835 1947 Dbsandgurl
1866 1859 1963 1946 plura

351 1968 508 2054 exemplo
528 1966 745 2055 praebet.'“)

501 2075 652 2167 lienique
673 2078 916 2145 memorandum
940 2086 993 2145 est
1014 2077 1115 2146 etiam
1136 2076 1227 2146 allud
1249 2088 1411 2146 runarum'
1425 2100 1541 2167 genus,
1562 2081 1650 2169 quod
1664 2081 1708 2146 ad
1730 2080 1960 2168 explioandnm

349 2189 535 2277 scripturae
557 2188 700 2259 indolem
728 2189 952 2257 serationem
974 2211 1040 2256 non
1063 2191 1155 2278 purvi
1182 2198 1234 2258 est
1255 2189 1427 2274 momenti,
1455 2212 1559 2257 ruuae
1587 2214 1672 2280 quae
1699 2192 1852 2258 dionutnr
1873 2186 1960 2261 Het-

349 2301 511 2393 ss'ngs‘ooo
537 2301 617 2386 (sid.
639 2299 707 2370 tub.
729 2298 776 2368 ll.
798 2301 830 2369 4.
852 2301 909 2386 5.).
963 2299 1018 2367 Ex
1039 2302 1081 2368 iis
1104 2302 1207 2384 enim,
1232 2322 1318 2390 quae
1346 2323 1448 2389 supra
1474 2300 1654 2369 deformis
1680 2323 1835 2369 runarum
1858 2326 1960 2393 expo-

348 2412 485 2497 suimus,
507 2413 653 2482 diluoide
667 2418 818 2503 uppuret,
830 2411 953 2480 lineam
968 2412 1059 2479 illam
1074 2412 1279 2485 diaoritioam
1292 2420 1424 2481 veteres
1433 2413 1606 2499 judicasse
1620 2413 1826 2503 potissimam
1839 2412 1959 2483 litorea

347 2533 494 2612 partem,
520 2546 585 2614 qua
611 2524 747 2615 propria
772 2523 890 2592 literne
916 2524 1090 2613 nniouique
1116 2524 1167 2591 sis
1195 2532 1230 2591 et
1257 2526 1431 2595 oburaoter
1455 2522 1635 2610 tribuatur,
1660 2525 1747 2592 unde
1770 2524 1895 2612 evenit,
1921 2534 1960 2593 nt

347 2638 481 2723 ubjeoto
504 2635 612 2704 luloro
634 2636 785 2703 omnibus
812 2634 920 2705 literis
949 2635 1109 2703 communi
1137 2636 1232 2724 ipsae
1263 2635 1372 2704 lineae
1401 2634 1594 2704 diaoritioae
1616 2637 1659 2702 nd
1682 2636 1830 2726 quamvls
1844 2658 1958 2706 voeem

349 2757 440 2816 rente
462 2747 639 2837 legendam
659 2749 812 2837 beneque
834 2746 1083 2836 intelligendam
1106 2747 1235 2814 nbunde
1255 2742 1455 2816 suffloerent.
1491 2745 1534 2814 Et
1547 2770 1626 2815 vere
1641 2747 1737 2836 plura
1751 2748 1959 2816 inveniuntur

347 2858 557 2949 antiquitatis
570 2867 780 2926 monumenta
793 2859 856 2926 has
870 2858 1134 2946 simplicissimus
1151 2881 1306 2926 mnarum
1320 2857 1445 2925 formas
1458 2859 1755 2948 repraesentantia,
1775 2881 1838 2926 neo
1852 2858 1958 2926 solum

348 2970 384 3037 in
406 2970 584 3060 Helsingia
602 2969 788 3061 provincia,
808 2971 896 3039 unde
916 2992 1034 3037 nomen
1057 2977 1240 3056 traxerunt,
1261 2972 1322 3038 sed
1344 2972 1442 3037 etiam
1465 2952 1497 3037 in
1512 2969 1691 3057 bledelpnd
1712 2976 1746 3038 et
1767 2970 1801 3036 in
1816 2966 1960 3038 Soeder·

348 3083 597 3168 mauland.“”)
633 3080 726 3156 Quas
747 3080 881 3171 quidem
895 3105 996 3148 runos
1011 3080 1198 3171 singulares
1213 3105 1234 3148 a
1247 3082 1328 3150 viris
1343 3078 1448 3148 dootis
1464 3081 1519 3147 diu
1535 3103 1600 3147 non
1614 3079 1804 3148 intellectas
1818 3082 1960 3170 antiqui·

347 3201 450 3260 tatem
472 3193 624 3261 redolere
656 3214 764 3282 neque
796 3193 897 3259 animi
920 3215 1022 3260 oausn
1055 3215 1075 3258 a
1097 3215 1258 3284 quoquam
1286 3192 1438 3260 iuventas
1463 3214 1568 3281 neque
1597 3201 1729 3260 seorete
1757 3214 1832 3261 esse
1860 3193 1957 3281 signu

347 3314 481 3394 praeter
503 3305 588 3372 alius
609 3326 729 3372 ouusas
746 3305 817 3386 jam
833 3327 878 3374 ex
892 3327 933 3372 eo
956 3303 1111 3389 efficitur,
1132 3305 1221 3392 quod
1243 3325 1262 3370 o
1284 3302 1421 3391 vooulis,
1443 3326 1539 3395 quam
1561 3304 1803 3392 posterioribus
1826 3305 1955 3371 demum

347 3417 553 3507 temporibus
574 3416 666 3483 runis
688 3414 819 3482 usitatis
840 3416 1024 3483 nooossisse
1047 3426 1100 3484 est
1120 3412 1343 3500 manifestum,
1363 3413 1428 3482 illis
1450 3412 1656 3504 Helsingiois
1679 3416 1783 3483 deest.

497 3527 657 3595 Constant
677 3526 781 3616 igitur
801 3549 904 3596 runee
918 3526 1134 3619 Helsingioae
1149 3528 1185 3615 †)
1200 3526 1374 3615 maximam
1389 3533 1517 3614 partem
1537 3527 1637 3593 meris
1653 3525 1785 3594 lineolis
1807 3526 1956 3594 disoriti·

348 3641 409 3724 uis,
429 3639 522 3707 velut
543 3647 694 3707 exortum
716 3648 769 3706 est

498 3914 524 3981 ·)
540 3939 575 3951 -
591 3942 627 3957 -
644 3911 724 3978 „tbnt
741 3910 788 3969 the
806 3912 894 3967 oldest
910 3910 1002 3967 Greek
1020 3927 1079 3965 was
1097 3910 1211 3983 nothing
1227 3927 1312 3981 more,
1330 3910 1393 3975 then
1410 3910 1533 3969 meru
1550 3908 1643 3967 turned
1661 3920 1746 3983 topsy
1763 3912 1876 3982 turvy“,
1894 3927 1953 3975 eum

346 3998 400 4053 sibi
417 3996 583 4070 persuadere
598 4011 652 4051 nou
671 4009 781 4068 posset,
801 3995 883 4066 „that
899 4013 933 4052 so
951 4006 1076 4051 constant
1091 3995 1142 4050 eud
1159 4013 1193 4050 so
1211 3997 1287 4053 close
1303 4013 1320 4053 e
1338 3996 1501 4068 ooutormity
1519 3994 1551 4048 ot
1564 3994 1612 4050 tbe
1629 3992 1807 4066 alphabetico!
1829 3995 1954 4066 symbols

345 4084 379 4137 ot
393 4096 450 4138 two
469 4082 568 4137 distent
585 4081 689 4136 natione
707 4081 803 4137 should
822 4082 894 4137 extet
911 4079 1026 4136 without
1042 4078 1178 4150 attending
1195 4080 1403 4139 demonstretion
1421 4080 1455 4135 ot
1468 4097 1485 4134 a
1500 4094 1632 4136 common
1649 4079 1776 4148 eripuis!t
1796 4079 1857 4134 viu.
1873 4078 1954 4136 lour-

346 4168 390 4221 nal
408 4169 440 4223 ot
455 4166 502 4222 ubo
519 4166 625 4221 Asiatio
641 4165 757 4238 Sooisty
774 4167 807 4220 ot
820 4164 933 4236 Bargul.
949 4165 997 4220 Vl.
1014 4163 1106 4232 (1837)
1125 4182 1152 4237 p.
1167 4165 1227 4223 990.
1244 4181 1320 4237 seqq.
1341 4167 1398 4223 tab.
1413 4167 1458 4222 34.
1474 4174 1502 4220 st
1517 4162 1649 4235 imprimis
1667 4182 1693 4235 p.
1710 4162 1772 4220 Vll.
1789 4165 1881 4233 (1338)
1897 4165 1952 4223 tub.

345 4252 423 4310 Xlll.
446 4251 559 4319 (ΧΠ),
586 4251 630 4307 abi
652 4262 714 4307 sunt
735 4250 846 4322 „gasok
869 4249 1123 4307 reserationem-‘¹
1164 4247 1243 4305 Cous.
1263 4253 1299 4306 Δ.
1315 4250 1455 4313 stari
1473 4248 1602 4309 ludiselro
1623 4247 1750 4307 stiores.
1780 4247 1855 4305 Bari.
1877 4250 1954 4311 185⁷.

345 4354 372 4408 p.
391 4337 448 4394 129.
465 4353 543 4406 seqq.

483 4431 521 4497 ”J
541 4428 620 4484 Ceut.
638 4427 774 4485 Fransii
792 4429 896 4483 etenum.
913 4430 1001 4502 epigr.
1017 4444 1108 4499 graec.
1128 4446 1154 4499 p.
1170 4426 1211 4484 35.
1229 4426 1273 4486 39.

474 4522 526 4589 m)
545 4519 624 4577 Cant.
642 4522 676 4576 le
694 4522 813 4593 Lepsii
832 4520 1046 4595 Palaeographie
1064 4522 1104 4576 als
1123 4520 1211 4576 tdittol
1228 4519 1272 4575 nr
1289 4521 1332 4577 die
1349 4518 1603 4593 Spnobtorsrbnug
1621 4517 1753 4574 tondebat
1770 4535 1812 4574 am
1829 4517 1954 4575 Sauslsrit

343 4607 567 4679 neshgewiosen.
583 4609 628 4675 (9.
645 4605 670 4663 5.
687 4606 729 4664 32
747 4607 789 4666 33.
805 4606 847 4666 38.

461 4702 526 4767 ⁰·“)
545 4697 624 4755 Conl.
642 4699 839 4770 Liljegrsni
854 4699 1013 4755 lton-lutra
1029 4716 1056 4773 p.
1074 4699 1114 4757 37.
1134 4727 1169 4740 -
1186 4698 1294 4754 οοΙιίἰ
1312 4699 1381 4754 lton.
1397 4697 1549 4771 iledslpsd.
1567 4731 1600 4742 -
1622 4696 1719 4754 uentu
1739 4697 1800 4755 um.
1821 4726 1855 4739 -
1882 4697 1951 4751 Lil-

341 4786 481 4859 jegroni
499 4783 722 4840 lion-Urkundor
739 4803 765 4858 p.
784 4786 936 4842 115-117.
953 4813 986 4823 -
1004 4784 1129 4839 Guilelm.
1147 4784 1313 4840 Grimmii:
1330 4784 1422 4841 lleber
1438 4783 1567 4839 dentssbe
1585 4783 1680 4838 liunen
1699 4799 1726 4856 p.
1743 4782 1803 4841 29⁴.

488 4877 807 4948 pmmnsn

1686 4972 1728 5038 Y
